1926 3200
834 272 1096 307 —168—

171 382 372 423 quattuor
425 373 699 412 sollemnibus
753 374 1043 425 professorum
1094 374 1202 414 votis
1256 376 1349 414 Deo
1397 390 1441 414 se
1489 377 1740 423 obstrinxit;

172 444 280 486 dein.
316 446 439 483 rebus
473 445 651 496 publicis
686 446 725 483 in
760 446 878 485 Italia
903 446 1053 485 iterum
1077 447 1214 490 salvis,
1242 448 1464 498 Neapolim
1494 448 1662 493 accitus,
1698 449 1743 488 ti-

171 529 321 554 ronum
371 516 574 567 magistro
622 517 760 555 socius
803 517 970 566 obtigit,
1006 526 1046 556 et
1080 518 1318 569 sumptibus
1351 519 1546 557 curandis
1579 528 1641 558 est
1674 521 1742 558 ad-

172 587 325 626 dictus.

264 660 438 698 Ineunte
472 673 581 698 anno
617 671 869 705 MDCCCLIV,
906 660 945 698 in
981 660 1190 699 Etruriam
1220 669 1405 704 vocatus.
1442 662 1678 701 Florentiae
1701 672 1742 701 et

171 729 276 767 Pisis
310 743 447 768 sacras
481 730 703 769 conciones
727 730 779 768 ad
802 730 1071 769 christianam
1095 731 1259 781 plebem
1283 740 1324 770 et
1347 732 1400 770 ad
1433 731 1620 783 virgines
1646 733 1739 771 Deo

168 800 344 839 devotas
377 800 534 843 habuit,
571 801 781 839 uberrimo
814 801 1047 840 animarum
1081 802 1229 847 fructu,
1264 810 1304 840 et
1339 802 1498 853 ingenti
1533 803 1738 842 bonorum

169 872 358 910 omnium
393 872 560 911 laetitia.
598 873 759 911 Eodem
793 887 902 911 anno
937 873 1169 912 Carrariam
1203 882 1265 912 est
1299 874 1522 924 profectus,
1563 883 1603 913 et
1646 889 1739 913 cum

167 943 373 994 magistro
406 943 589 982 tironum
614 944 856 994 provinciae
880 944 1130 983 taurinensis
1160 959 1311 983 munus
1335 945 1605 984 consociavit.
1631 946 1741 984 Inibi

165 1023 382 1065 praeterea
420 1015 546 1053 sacris
589 1015 923 1053 confessionibus
966 1015 1223 1066 excipiendis
1268 1015 1464 1060 intendit,
1506 1024 1546 1055 et
1578 1016 1739 1055 civibus

166 1084 352 1123 Asiatica
370 1085 437 1123 lue
460 1085 664 1136 correptis
684 1100 839 1137 magno
863 1086 1003 1124 animo
1027 1086 1159 1124 adsuit
1177 1085 1247 1124 diu
1268 1095 1492 1137 noctuque.
1515 1087 1608 1125 Hoc
1629 1087 1738 1125 idem

166 1156 375 1206 praestitit
399 1156 734 1199 Massae-Ducis:
771 1171 853 1208 qua
878 1157 917 1195 in
953 1158 1054 1195 urbe
1077 1170 1214 1195 sacras
1238 1157 1380 1196 Sancti
1407 1157 1559 1208 Ignatii
1589 1158 1739 1196 exerci-

165 1227 345 1266 tationes
379 1227 579 1267 militibus
614 1228 786 1267 tradidit
819 1237 933 1267 tanta
966 1227 1171 1272 felicitate,
1205 1238 1249 1267 ut
1272 1229 1422 1267 horum
1452 1228 1576 1267 etiam
1611 1229 1738 1267 duces

166 1299 302 1349 palam
335 1299 387 1337 ad
413 1299 699 1338 poenitentiae
724 1300 1053 1341 Sacramentum.
1080 1308 1120 1338 et
1143 1300 1195 1338 ad
1219 1313 1377 1337 sacram
1403 1299 1603 1350 Synaxim
1628 1314 1737 1338 acce-

166 1370 266 1408 dere
299 1384 382 1408 non
416 1370 712 1409 dubitaverint.
750 1371 828 1408 Per
861 1370 901 1408 id
936 1370 1060 1409 etiam
1099 1380 1277 1421 tempus,
1314 1385 1443 1421 quum
1477 1371 1520 1408 P.
1558 1371 1735 1409 Ioannes

169 1442 374 1492 Iosephus
410 1442 606 1487 Francus,
632 1441 702 1492 qui
727 1442 767 1479 in
802 1441 994 1492 Collegio
1020 1442 1223 1480 Massensi
1248 1442 1496 1480 rhetoricam
1531 1442 1733 1485 tradebat,

160 1512 294 1550 oculis
328 1512 515 1551 laborare
548 1512 767 1563 coepisset,
794 1513 946 1555 Merea,
978 1513 1071 1551 licet
1105 1521 1167 1551 tot
1200 1512 1411 1551 laboribus
1446 1513 1610 1554 fractus.
1637 1526 1732 1550 eum

162 1583 355 1634 excipere
390 1597 473 1621 non
507 1583 768 1622 detrectavit.

253 1655 378 1693 Anno
413 1666 632 1693 MDCCCLV
667 1655 865 1693 Faesulas
890 1654 929 1692 in
956 1654 1164 1693 Etruriam
1194 1654 1448 1705 properavit,
1484 1663 1525 1693 et
1548 1655 1587 1692 in
1611 1669 1728 1693 sacro

161 1726 366 1776 6111161160,
403 1725 574 1777 triginta
606 1725 785 1776 amplius
809 1740 952 1771 annos,
989 1734 1091 1776 quot
1119 1725 1313 1764 videlicet
1347 1726 1435 1764 eius
1469 1726 1578 1764 vitae
1611 1739 1729 1776 supe-

162 1806 372 1839 raverunt,
408 1798 671 1835 alumnorum
707 1797 881 1841 animos,
918 1797 958 1835 in
993 1811 1110 1848 spem
1146 1797 1356 1836 Ecclesiae
1389 1797 1730 1844 adolescentium,

160 1869 212 1906 ad
245 1868 488 1906 acerrimam
514 1867 678 1907 virtutis
702 1882 905 1911 normam,
933 1882 1014 1906 non
1045 1868 1182 1907 minus
1206 1869 1411 1919 exemplo,
1437 1882 1562 1919 quam
1587 1869 1729 1911 verbo,

158 1939 443 1978 sollertissime
478 1939 667 1978 instituit.
705 1939 874 1990 Quippe
917 1949 1048 1978 artem
1094 1939 1320 1978 iuventutis
1354 1940 1406 1978 ad
1440 1939 1638 1978 virtutem
1675 1939 1730 1976 in-

159 2011 402 2049 formandae
435 2011 606 2062 egregie
640 2012 826 2053 callebat.
862 2020 901 2049 et
935 2011 1037 2061 quid
1060 2019 1175 2049 tanto
1206 2010 1366 2048 muneri
1400 2010 1621 2060 explendo.
1657 2017 1728 2048 aut

159 2082 393 2133 prodesset,
428 2091 499 2121 aut
532 2083 710 2125 obesset,
747 2083 868 2133 plane
901 2083 1163 2133 exploratum
1198 2082 1388 2120 habebat.
1426 2081 1645 2132 Quidquid
1685 2096 1725 2117 o-

156 2153 267 2204 peris
301 2153 607 2204 auspicabatur,
644 2168 767 2192 omen
801 2168 823 2192 a
857 2153 1030 2204 Superis
1064 2153 1274 2204 capiebat:
1310 2166 1384 2190 nec
1418 2151 1647 2203 quidquam
1689 2152 1723 2189 ei

157 2225 342 2275 optatius
390 2225 578 2264 accidere
627 2234 803 2276 poterat,
854 2239 980 2276 quam
1030 2225 1145 2275 quod
1192 2238 1243 2262 ex
1291 2224 1445 2274 pietate
1479 2223 1727 2274 contigerat.

157 2296 271 2334 Nulli
305 2309 489 2347 unquam
528 2296 659 2334 labori
694 2296 835 2347 parsit,
882 2304 927 2334 ut
970 2295 1113 2336 cuivis.
1159 2295 1223 2333 vel
1263 2294 1449 2337 consilio,
1495 2294 1559 2332 vel
1601 2307 1729 2344 opera

155 2377 323 2418 praesto
366 2376 488 2406 esset.
534 2367 660 2418 Quod
703 2367 783 2405 sibi
826 2367 1091 2405 concreditos
1124 2366 1411 2404 adolescentes
1445 2364 1533 2415 pari
1569 2379 1727 2409 omnes,

154 2438 282 2476 veluti
332 2437 450 2481 filios,
501 2438 859 2488 complectebatur
907 2451 1062 2479 amore,
1107 2438 1157 2475 ab
1191 2436 1386 2475 omnibus
1420 2435 1478 2474 uti
1512 2444 1629 2486 pater
1664 2446 1726 2474 est

155 2508 335 2547 habitus.
371 2509 532 2547 Eodem
567 2508 606 2546 in
640 2508 829 2559 ephebeo
863 2509 1067 2546 elementa
1098 2507 1296 2545 mathesis
1331 2506 1554 2556 quotannis
1588 2506 1726 2556 expla-

155 2579 281 2622 navit,
331 2587 371 2618 et
418 2579 578 2617 divinas
627 2580 785 2618 litteras
833 2579 886 2618 ad
934 2578 1254 2630 quadriennium
1304 2586 1366 2615 est
1410 2577 1720 2627 interpretatus.

153 2650 278 2688 Anno
314 2662 566 2692 MDCCCLIX.
601 2651 652 2688 ab
686 2651 874 2701 ephebeo
909 2650 1155 2691 Faesulano,
1192 2649 1244 2687 ob
1278 2647 1420 2686 civiles
1465 2656 1616 2689 motus.
1654 2647 1725 2697 qui

154 2720 363 2759 Etruriam
408 2735 491 2759 non
535 2721 673 2764 modo,
719 2721 793 2759 sed
839 2721 998 2759 Italiam
1045 2720 1280 2758 universam
1326 2717 1664 2768 pessumdedere.
1703 2732 1725 2755 a

153 2791 436 2841 perduellibus
479 2792 690 2842 expulsus,
737 2791 776 2829 in
820 2792 1050 2842 regionem,
1085 2790 1150 2829 cui
1186 2789 1374 2840 Mugello
1408 2802 1573 2831 nomen.
1609 2788 1723 2838 apud

154 2875 316 2900 sacrum
350 2862 564 2901 curionem
609 2862 720 2913 pagi,
766 2876 890 2913 quem
930 2870 1080 2900 vocant
1116 2859 1432 2900 Montecuccoli,
1475 2872 1518 2897 se
1552 2857 1721 2908 recepit,

154 2931 293 2982 ibique
327 2933 378 2971 ad
411 2947 564 2971 annum
614 2947 743 2970 unum
792 2932 970 2970 delituit.
1022 2931 1220 2969 Faesulas
1255 2943 1473 2979 regressus
1508 2929 1548 2966 in
1582 2928 1725 2979 priora
