1926 3200
822 236 1082 279 -185—

160 338 360 378 credibile
392 347 466 379 est.
502 337 649 376 litteris
672 336 821 378 latinis.
857 336 1030 386 graecis.
1057 336 1258 374 hebraicis
1295 336 1406 375 iuxta
1439 336 1724 378 doctissimus,

163 409 267 448 alios
301 409 470 459 insuper
503 409 688 460 quinque
721 421 935 445 sermones
959 407 1089 457 probe
1117 408 1296 448 tenebat.
1322 417 1362 446 et
1385 407 1608 445 commode
1633 420 1725 457 pro—

166 480 401 519 nunciabat.
439 479 680 530 Disciplinis
728 477 1018 519 severioribus,
1070 486 1156 515 tum
1207 477 1410 523 humanis,
1453 486 1539 516 tum
1574 477 1727 516 (livinis

164 551 325 602 oppido
358 551 557 595 eruditus,
593 550 844 601 populorum
878 548 1072 587 historias
1103 548 1324 599 praecipue
1359 557 1543 591 noverat,
1578 557 1619 586 et
1642 561 1725 586 non

167 622 295 660 modo
328 636 473 660 eorum
507 629 638 671 gesta,
673 621 747 658 sed
780 620 980 665 locorum,
1011 628 1247 669 temporum
1281 628 1321 658 et
1354 633 1627 670 personarum
1661 619 1729 656 ad-

165 692 315 736 iuncta,
351 693 544 737 rationes,
580 691 760 736 nomina,
787 699 989 741 notasque
1013 690 1226 729 universas
1250 690 1449 729 memoria
1481 690 1729 740 complecte-

164 764 299 802 batur.
334 764 402 802 Ad
447 763 656 801 Ecclesiae
703 776 900 800 romanae
949 761 1036 799 iura
1084 761 1404 812 propugnanda,
1455 761 1725 799 Summorum

166 834 415 873 Pontificum
449 833 611 872 civilem
646 832 925 883 principatum
969 831 1278 877 vindicandum,
1323 831 1568 870 catholicam
1604 831 1726 869 fidem

163 905 374 950 tuendam,
408 912 448 942 et
485 917 699 942 sacrorum
742 902 942 941 librorum
988 902 1217 945 historiam,
1263 902 1534 952 Assyriorum
1578 916 1725 951 regum

165 975 375 1014 annalium
410 973 691 1012 monumentis
725 987 867 1011 recens
900 973 1077 1012 defossis
1101 973 1440 1018 confirmandam,
1476 973 1665 1023 pluribus
1688 987 1725 1011 e—

162 1045 344 1097 vulgatis
376 1044 585 1095 operibus,
621 1043 864 1082 omnimoda
896 1043 1142 1087 eruditione,
1167 1052 1208 1082 et
1230 1043 1581 1082 documentorum
1605 1043 1726 1094 copia

162 1115 453 1167 locupletibus,
495 1128 567 1153 sex
605 1123 645 1153 et
689 1114 860 1163 triginta
903 1114 1017 1164 ipsos
1050 1128 1194 1157 annos,
1229 1121 1342 1153 totus
1376 1113 1576 1152 incubuit.
1613 1115 1727 1152 Hac-c

160 1201 288 1238 porro
310 1187 416 1225 adeo
438 1186 632 1235 eleganti,
658 1185 890 1236 perspicua,
911 1200 957 1223 ac
981 1199 1203 1223 numerosa
1226 1184 1428 1226 oratione,
1459 1185 1511 1223 ad
1536 1199 1724 1223 normam

160 1258 356 1296 nimirum
399 1257 664 1308 scriptorum,
705 1271 811 1308 quos
844 1256 1039 1295 classicos
1089 1249 1364 1311 inscribimus
1400 1256 1630 1300 exornavit,
1682 1265 1725 1294 ut

166 1329 266 1368 nihil
300 1342 438 1379 supra.

254 1399 431 1451 Quoties
465 1413 559 1438 cum
592 1398 691 1437 viris
725 1397 930 1437 catholico
964 1397 1121 1436 nomini
1147 1397 1328 1440 infensis,
1365 1398 1428 1436 vel
1462 1397 1602 1436 studio
1636 1412 1725 1448 par-

167 1471 268 1510 tium
318 1469 513 1520 abreptiS,
564 1483 711 1508 manus
758 1468 981 1511 conseruit,
1017 1468 1140 1507 toties
1174 1468 1307 1507 victor
1339 1468 1543 1507 discessit.
1580 1469 1725 1518 Ipsum

162 1540 488 1592 Gregorovhun,
524 1540 746 1590 ipsumque
780 1539 1001 1578 Caesarem
1045 1539 1194 1585 Caudi,
1229 1538 1449 1577 historicos
1498 1538 1725 1577 eruditissi—

168 1625 272 1657 mos,
321 1610 505 1661 receptui
552 1624 698 1649 canere
746 1610 897 1660 coegit.
934 1611 1033 1649 Erat
1066 1610 1176 1648 enim
1210 1610 1250 1648 in
1283 1624 1332 1649 eo
1367 1610 1538 1661 quidam
1573 1609 1723 1648 mentis

162 1681 350 1726 intuitus,
386 1695 446 1727 ac,
479 1681 512 1719 si
546 1681 601 1720 ita
633 1681 748 1732 loqui
783 1681 841 1719 fas
875 1690 949 1727 est,
984 1682 1190 1732 quaedam
1224 1681 1349 1720 animi
1393 1681 1608 1723 divinatio,
1644 1695 1726 1731 qua

162 1761 388 1792 eventuum
422 1766 566 1790 causas
604 1760 645 1790 et
667 1751 838 1790 effectus
862 1751 1164 1790 remotissimos
1188 1752 1454 1802 inspiciebat,
1491 1766 1722 1803 eorumque

157 1823 286 1862 series
319 1822 566 1873 omnigenas
590 1822 645 1861 ita
668 1822 773 1861 inter
806 1836 849 1861 se
888 1823 1089 1865 nectebat,
1116 1831 1161 1861 ut
1194 1823 1234 1860 in
1268 1837 1391 1861 unam
1425 1823 1719 1867 coalescerent,

158 1895 332 1946 perinde
364 1908 410 1932 ac
433 1893 466 1931 si
489 1895 540 1932 ab
573 1907 656 1932 uno
690 1893 923 1944 eodemque
947 1893 1165 1944 principio,
1191 1894 1316 1932 veluti
1350 1894 1476 1937 sonte,
1503 1893 1719 1932 universae

159 1974 386 2003 manarent.
438 1964 619 2002 Plurima
667 1963 850 2001 indidem
898 1963 1009 2001 haud
1055 1972 1176 2002 antea
1229 1964 1397 2015 cognita
1450 1964 1718 2005 coniiciebat:

155 2044 282 2087 atque
316 2035 398 2074 acri
433 2035 585 2073 iudicio
619 2042 767 2072 cuncta
799 2034 1076 2084 perpendens,
1112 2043 1153 2072 et
1185 2048 1281 2073 vera
1314 2049 1336 2072 a
1369 2034 1493 2080 falsis,
1529 2043 1640 2073 certa
1669 2036 1719 2073 ab

157 2106 325 2146 incertis
357 2121 590 2152 secernens,
625 2121 715 2145 eam
748 2106 799 2144 de
833 2105 1008 2155 singulis
1046 2106 1293 2144 sententiam
1327 2107 1496 2151 ferebat,
1532 2106 1597 2144 cui
1631 2107 1719 2145 sani

156 2177 348 2216 homines
397 2192 480 2216 non
515 2177 640 2215 modo
674 2191 756 2215 non
789 2176 1122 2221 adversarentur,
1169 2190 1312 2215 verum
1361 2176 1486 2215 etiam
1519 2177 1719 2216 faverent.

157 2248 319 2287 Exinde
353 2249 506 2287 factum
539 2256 613 2291 est,
655 2256 699 2286 ut
732 2247 822 2286 aevi
861 2246 924 2285 sui
958 2247 1206 2298 praecipuus
1240 2247 1507 2286 historiarum
1541 2247 1720 2298 scriptor

154 2319 390 2358 haberetur.
435 2321 583 2370 Neque
627 2332 699 2357 eos
743 2318 940 2369 opinione
983 2318 1182 2368 deceptos
1221 2318 1468 2369 putaverim,
1514 2318 1585 2369 qui
1622 2319 1719 2357 Bru-

155 2403 340 2441 nengum
379 2389 580 2441 singulari
629 2389 892 2440 providentia
939 2389 1034 2427 huic
1084 2397 1248 2427 nostrae
1287 2389 1525 2440 tempestati
1568 2389 1719 2428 condo-

156 2469 300 2499 natum
343 2460 701 2511 praedicaverunt,
747 2469 792 2499 ut
825 2474 909 2511 quo
942 2459 1121 2510 amplius
1164 2459 1434 2510 Apostolicae
1469 2460 1589 2499 Sedis
1634 2460 1722 2498 iura

155 2530 394 2582 oppugnari
427 2539 567 2569 essent
599 2539 760 2581 coepta,
800 2544 850 2569 eo
890 2530 1042 2581 magis,
1085 2529 1191 2568 illius
1229 2530 1419 2568 doctrina
1457 2539 1497 2569 et
1537 2530 1720 2581 ingenio,

153 2610 375 2653 perspecta
408 2609 533 2652 atque
566 2602 781 2652 explorata
815 2601 1079 2639 haberentur.

245 2672 381 2711 Nullis
415 2672 601 2723 pepercit
633 2671 858 2717 laboribuS,
896 2685 1031 2722 neque
1066 2672 1190 2709 ullam
1236 2671 1484 2710 valetudinis
1519 2671 1721 2710 rationem

154 2742 312 2788 habuit,
363 2756 448 2794 quo
496 2743 656 2781 muneri
705 2757 781 2781 suo
830 2743 982 2781 faceret
1022 2742 1134 2781 satis.
1176 2742 1341 2781 Etenim
1375 2756 1484 2781 nova
1517 2751 1722 2793 perpetuo

155 2827 286 2864 opera
318 2813 577 2859 moliebatur,
623 2823 667 2853 ut
710 2828 794 2852 uno
838 2814 905 2852 vix
949 2814 1154 2855 absoluto.
1189 2814 1363 2852 alterum
1398 2813 1716 2863 aggrederetur.

153 2884 223 2923 Ad
256 2884 335 2923 hoc
367 2884 445 2922 alia
478 2884 602 2923 etiam
637 2884 777 2922 munia
810 2884 925 2923 obiit.
975 2884 1168 2922 Monoeci
1213 2884 1325 2935 apud
1371 2884 1549 2935 Ligures
1592 2898 1720 2935 quum
