1926 3200
874 235 1133 280 —146—

619 744 809 784 OPERA
851 745 1019 784 EDITA
1062 746 1130 785 ET
1173 747 1396 786 INEDITA

296 1036 330 1063 1⁴¹
358 1029 394 1062 A
432 1029 614 1063 Vz'ucenzo
645 1029 817 1063 Gioberz‘i
842 1031 1051 1064 Francesco
1072 1031 1214 1064 Pellico
1233 1031 1331 1065 della
1354 1032 1585 1075 Compagnia
1612 1032 1653 1065 di
1674 1034 1785 1066 Gessc.

220 1089 394 1129 Genova,
423 1088 644 1132 Tipografia
671 1088 882 1129 Ferrando,
909 1099 1144 1130 MDCCCXLV,
1171 1092 1224 1130 δ”,
1254 1101 1318 1133 pp.
1347 1100 1429 1133 423.

291 1166 328 1192 20
356 1160 532 1193 Proteslcz
558 1160 621 1193 del
643 1160 769 1194 Padre
796 1161 1004 1194 Framesco
1024 1161 1165 1194 Pellico
1193 1162 1245 1194 D.
1271 1162 1309 1195 C.
1331 1163 1383 1195 D.
1409 1163 1456 1196 G.
1476 1163 1552 1195 alla
1580 1163 1746 1201 Camm-a,
1768 1175 1787 1197 e

220 1218 261 1251 ai
284 1219 470 1262 Depulati
494 1219 531 1252 in
567 1219 719 1252 Torino.
749 1219 935 1261 (L'amico
966 1220 1156 1257 Calfolico,
1190 1231 1278 1263 pag.
1311 1223 1430 1262 154-6,
1460 1222 1634 1264 Lugano,
1667 1222 1785 1263 1848).

294 1295 334 1332 30
362 1290 513 1323 Lettere
539 1289 579 1323 di
596 1289 742 1323 illusz‘ri
757 1290 933 1323 scriffori
948 1301 969 1323 cz
997 1291 1194 1324 Tommaso
1221 1291 1405 1325 lhllauri.
1426 1292 1585 1331 Torino,
1609 1294 1711 1331 1880,
1732 1293 1784 1326 8⁰.

293 1350 397 1383 Inter
423 1349 492 1383 has
518 1349 662 1383 litteras
689 1349 881 1383 invenitur
906 1350 1021 1383 etiam
1048 1350 1210 1393 epistola
1239 1350 1377 1391 Pellici,
1407 1362 1444 1394 p.
1473 1361 1594 1392 401-2.

290 1428 329 1463 Δρ)
357 1421 612 1463 Argumenta,
641 1420 690 1454 de
715 1421 855 1464 quibus
882 1421 1034 1464 scripsit
1053 1421 1090 1454 in
1111 1421 1446 1464 Ephemeridibus,
1467 1423 1521 1455 La
1546 1422 1681 1456 Civilia
1704 1422 1785 1455 Cat-

221 1481 346 1521 tolz'ca,
375 1481 469 1514 haec
495 1485 603 1514 sunt:

315 1550 352 1574 a.
382 1541 640 1583 Progrmmna
666 1540 760 1573 delle
787 1540 945 1573 Rivisfe.
975 1540 1081 1574 Serie
1108 1540 1243 1583 prima,
1272 1540 1360 1574 Vol.
1390 1541 1420 1581 I,
1449 1552 1537 1584 pag.
1567 1553 1625 1584 97,
1656 1551 1735 1583 227.

316 1599 353 1633 1).
382 1598 453 1632 Pio
478 1599 550 1632 IX.
593 1599 742 1643 (Fasti).
783 1599 859 1632 Sua
892 1601 1063 1641 profesta
1102 1601 1234 1632 contro
1265 1600 1301 1632 la
1328 1600 1440 1643 [egge
1466 1601 1649 1634 Siccardi.
1679 1601 1786 1634 Serie

222 1658 358 1702 prima,
386 1658 474 1692 Vol.
505 1659 535 1699 I,
564 1669 652 1701 pag.
683 1661 764 1692 228.
1657 1687 1659 1689 .

314 1728 347 1752 c.
381 1717 542 1761 Orzssgine
567 1718 665 1751 della
685 1718 822 1760 pamla
850 1717 1049 1752 Liberale.
1078 1718 1185 1752 Serie
1214 1718 1350 1761 prima,
1370 1719 1458 1753 Vol.
1481 1720 1531 1759 II,
1560 1730 1648 1762 pag.
1678 1730 1735 1761 51.

316 1775 353 1810 d.
389 1777 445 1810 Um
484 1788 604 1810 nuovo
643 1776 782 1810 tribu-to
809 1787 831 1810 a
856 1777 896 1810 S.
925 1776 1070 1810 Pietro.
1100 1777 1207 1811 Serie
1234 1783 1350 1818 sesta‚
1383 1778 1470 1812 Vol.
1500 1779 1547 1818 X,
1577 1789 1664 1821 pag.
1702 1781 1783 1819 641.

289 1847 340 1881 A.
369 1847 523 1880 Leltera
561 1846 624 1880 del
658 1847 703 1880 P.
744 1847 954 1880 Francesco
993 1847 1135 1880 Pellico
1162 1858 1184 1880 cz
1222 1848 1347 1881 Illons.
1380 1847 1538 1882 Andrea
1564 1848 1713 1891 Iglzina,
1746 1849 1784 1882 in

219 1906 307 1940 data,
345 1918 390 1939 22
427 1906 549 1949 aprile
588 1908 693 1949 [8871.
735 1907 778 1940 In
818 1907 888 1940 hac
926 1906 1091 1949 epistola
1118 1907 1246 1950 agitur
1272 1906 1321 1941 de
1348 1907 1489 1941 virtute
1516 1907 1783 1942 Obedientiae.

218 1965 354 2008 Ighina
379 1976 478 2006 eam,
507 1970 726 1999 nostrorum
754 1965 945 2000 sodalium
971 1965 1145 2007 consilio,
1174 1965 1316 2009 publici
1342 1966 1434 2000 iuris
1461 1977 1538 2000 non
1565 1966 1665 2000 fecit.

292 2025 338 2059 B.
367 2025 527 2068 Aliquot
554 2024 680 2058 Pellici
706 2025 892 2068 epistolae
911 2025 1039 2067 magni
1058 2025 1216 2059 omnino
1235 2025 1419 2059 momenti
1439 2025 1487 2059 ad
1514 2025 1692 2059 Carolum
1719 2025 1783 2059 A]-

221 2084 373 2117 bertum
411 2083 610 2117 Sardiniae
649 2094 792 2126 regem,
833 2083 882 2117 ad
923 2083 1171 2126 Magistratus
1209 2084 1456 2126 Subalpinos,
1484 2083 1656 2127 aliosque
1682 2084 1784 2118 viros

219 2143 406 2186 primores
432 2144 686 2186 conscriptae,
713 2148 958 2177 asservantur
993 2143 1029 2177 in
1069 2143 1256 2178 tabulario
1292 2143 1510 2186 provinciae
1537 2144 1780 2177 taurinensis.

223 2203 348 2237 Nemo
374 2202 499 2236 adhuc
525 2213 590 2237 eas
616 2202 750 2236 edidit.

290 2261 332 2296 O.
362 2262 523 2295 Exstant
561 2262 597 2295 in
636 2261 775 2296 eodem
813 2261 1000 2296 tabulario
1038 2261 1236 2304 complura
1273 2262 1354 2295 eius
1389 2272 1504 2295 manu
1543 2267 1710 2302 exarata,
1746 2261 1782 2295 in

216 2320 356 2363 quibus
375 2319 423 2354 de
442 2331 481 2354 re
500 2320 647 2360 morali,
680 2331 722 2354 ac
749 2319 797 2353 de
828 2320 1006 2363 religiosa
1023 2320 1257 2364 perfectione
1277 2331 1403 2354 sermo
1434 2320 1607 2354 habetur.
1630 2321 1781 2355 Horum

219 2385 349 2414 tamen
376 2381 551 2414 tractatio
578 2380 625 2414 ad
652 2380 796 2415 exitum
823 2391 901 2414 non
928 2385 986 2414 est
1013 2380 1210 2423 perducta.

939 2656 1071 2690 »ἕὲψ
