1926 3200
858 213 1089 249 „62-

188 315 277 354 fuit.
300 316 394 354 Hoc
412 329 583 354 munere
601 315 886 354 sollertissime
899 324 961 355 est
973 316 1150 362 functus;
1170 316 1377 367 siquidem
1393 316 1494 355 nihil
1508 316 1754 356 intentatum

187 385 365 437 reliquit,
392 394 436 425 ut
459 400 567 425 nova
590 386 867 425 recentiorum
892 386 1033 437 inepta
1055 387 1261 438 quaedam
1284 387 1462 426 docendi
1496 387 1613 435 ratio,
1649 402 1755 439 quae

190 456 363 496 iamtum
397 457 437 495 in
471 456 615 496 alienis
647 456 800 496 scholis
834 456 1109 508 imperitabat,
1146 457 1185 495 in
1220 457 1373 497 nostris
1421 459 1578 497 nullum
1618 459 1754 498 locum

191 529 376 568 haberet.

280 600 406 638 Anno
441 610 766 645 MDCCCXLVIII,
802 599 855 638 ob
889 607 1009 638 notas
1042 612 1179 638 rerum
1224 598 1406 638 civilium
1449 600 1755 643 conversiones,

189 669 582 720 subversionesque,
617 669 830 708 sodalibus
863 669 1170 708 taurinensibus
1213 670 1289 708 hac
1333 669 1423 708 illac
1456 670 1681 721 dispalatis,
1716 671 1755 709 in

190 740 370 780 Sabinos
403 740 642 792 perfugium
676 739 894 791 quaesivit.
931 740 1025 779 Hoc
1058 740 1151 791 ipso
1174 754 1296 787 anno,
1321 749 1519 792 quattuor
1541 741 1756 780 sollemnia

189 811 404 863 religionis
438 820 536 850 vota
569 810 838 861 nuncupavit.
875 811 975 850 Post
1007 811 1108 850 haec
1143 812 1304 850 Romae
1338 811 1377 850 in
1411 812 1569 863 templo
1593 812 1755 858 domus,

189 897 316 933 quam
351 883 586 921 Professam
620 896 832 929 vocamus,
858 882 1009 921 Sacros
1042 882 1193 921 Libros
1216 890 1277 921 est
1301 882 1609 934 interpretatus,
1634 892 1758 934 atque

191 953 232 992 in
271 954 491 993 Athenaeo
535 953 800 1004 Gregoriano
848 953 1106 1005 theologiam
1155 954 1374 1001 moralem,
1424 954 1540 993 cuius
1578 954 1759 994 scientis-

190 1024 321 1063 simus
345 1025 544 1069 exstabat,
571 1023 784 1063 biennium
808 1024 1056 1075 explanavit.
1089 1024 1199 1063 Hinc
1221 1024 1447 1076 digressus,
1473 1025 1512 1063 in
1536 1025 1757 1077 collegium

195 1095 521 1141 Massae-Ducis‚
556 1103 597 1134 et
629 1103 844 1145 postremo
878 1095 1067 1134 Genuam
1093 1095 1132 1133 in
1162 1103 1346 1134 nostram
1379 1095 1600 1134 stationem
1635 1110 1678 1134 se
1702 1110 1759 1135 re-

190 1167 324 1218 cepit;
361 1167 514 1218 ibique,
551 1166 733 1217 alibique
767 1166 893 1205 sacris
926 1166 1209 1212 concionibus,
1244 1167 1308 1205 vel
1332 1166 1410 1217 piis
1444 1167 1584 1206 Sancti
1608 1168 1760 1218 Ignatii

195 1239 329 1278 Patris
376 1239 536 1290 legiferi
586 1238 1021 1285 commentationibus,
1071 1248 1158 1278 tum
1207 1239 1330 1285 clero,
1370 1247 1457 1278 turn
1493 1240 1650 1290 populo
1684 1248 1760 1279 tra—

192 1310 354 1355 dendis,
390 1309 597 1361 reliquum
631 1310 740 1349 vitae
772 1309 953 1361 spatium
987 1310 1195 1349 contrivit.
1232 1311 1309 1349 Per
1347 1310 1388 1348 id
1427 1310 1550 1349 etiam
1594 1319 1759 1361 tempus

193 1396 346 1421 munus
379 1381 630 1421 consultoris
665 1381 910 1420 Provinciae
943 1381 1058 1420 obiit.

283 1454 430 1504 Itaque
454 1453 604 1499 Badus,
630 1467 759 1504 quum
783 1461 845 1491 tot
868 1452 1051 1503 egregiis
1075 1452 1316 1491 muneribus
1338 1452 1563 1504 fungendis
1586 1453 1760 1492 idoneus

191 1534 315 1572 esset,
350 1539 482 1576 eaque
515 1525 655 1563 omnia
688 1524 728 1562 in
771 1524 1007 1575 exemplum
1052 1525 1247 1574 expleret,
1286 1523 1451 1575 plurimi
1491 1538 1513 1562 a
1556 1524 1634 1574 piis
1678 1538 1759 1563 non

194 1597 337 1642 modo,
372 1596 445 1635 sed
478 1610 500 1634 a
534 1595 724 1634 litteratis
757 1595 996 1634 hominibus
1020 1604 1082 1634 est
1105 1595 1282 1634 habitus.
1310 1596 1401 1634 Hos
1426 1595 1530 1634 inter
1553 1595 1761 1634 Antonius

197 1667 460 1707 Brescianius
493 1666 651 1706 exstitit
684 1666 946 1717 praecipuus.
972 1666 1053 1705 Hic
1076 1666 1198 1712 enim,
1224 1666 1257 1705 si
1291 1666 1384 1717 quis
1407 1680 1502 1705 eum
1526 1666 1577 1704 de
1601 1666 1761 1716 optimo

193 1747 480 1790 praeceptore,
507 1738 547 1776 in
571 1738 687 1776 cuius
712 1738 835 1776 fidem
861 1752 907 1776 ac
929 1737 1190 1789 disciplinam
1216 1752 1259 1776 se
1282 1738 1475 1781 traderet,
1503 1746 1764 1788 percontare-

192 1819 272 1857 tur,
294 1810 468 1856 Badum,
493 1810 551 1848 uti
571 1809 705 1848 virum
726 1809 951 1847 iuventutis
975 1808 1264 1855 instituendae,
1289 1807 1489 1854 doctrina,
1511 1822 1600 1854 usu,
1625 1816 1666 1846 et
1684 1808 1761 1847 sin-

195 1881 514 1932 gulari‘naturae
534 1894 706 1918 munere
726 1879 918 1930 peritum,
944 1879 1052 1918 illico
1073 1879 1400 1929 nominabat(1).
1423 1878 1642 1929 Equidem,
1668 1886 1762 1929 post

192 1953 344 1991 Isa'i'am
369 1951 684 1997 Carminatium,
712 1951 811 1989 Badi
843 1950 1103 2001 magistrum,
1129 1964 1213 2001 quo
1238 1963 1320 1988 non
1343 1949 1621 2000 praestantior
1645 1949 1759 1991 alter,

196 2024 355 2061 nullum
374 2022 499 2060 alium
520 2030 686 2060 nostrae
705 2022 943 2072 provinciae
966 2022 1175 2060 rhetorem
1200 2021 1310 2067 novi,
1330 2034 1454 2071 quem
1473 2020 1683 2058 auditores
1702 2028 1763 2058 tot

195 2094 388 2132 laudibus
408 2093 722 2132 cumulaverint.
746 2093 828 2144 Qui
848 2101 1062 2144 praeterea
1085 2101 1226 2131 orator
1248 2100 1311 2130 est
1334 2092 1499 2130 habitus
1523 2091 1762 2142 probabilis,

196 2174 335 2217 atque,
362 2166 415 2204 ob
440 2165 679 2216 theologiae
703 2178 866 2203 morum
895 2164 1121 2210 scientiam,
1157 2165 1207 2202 ab
1242 2163 1464 2214 Episcopis
1490 2162 1677 2201 certatim
1701 2176 1765 2200 ex-

197 2236 366 2287 petitus.
389 2236 435 2274 In
465 2236 595 2286 poesi,
621 2235 865 2286 praesertim
894 2235 1126 2281 vernacula,
1156 2234 1382 2273 admodum
1407 2241 1594 2272 versatus
1617 2233 1703 2271 fuit.

291 2308 440 2357 Neque
454 2306 591 2345 minus
609 2307 763 2357 pietate
781 2306 920 2345 valuit.
942 2306 1110 2345 Cultum
1129 2319 1230 2356 erga
1249 2306 1447 2356 Magnam
1473 2304 1551 2342 Dei
1572 2304 1763 2349 Matrem,

198 2378 284 2429 qui,
320 2378 564 2428 praesertim
591 2392 732 2417 mense
756 2377 869 2416 Maio
893 2386 1090 2423 vertente,
1116 2377 1250 2415 eidem
1275 2390 1297 2414 a
1321 2375 1669 2414 Christifidelibus
1694 2375 1764 2413 im-

202 2448 409 2499 penditur,
426 2448 539 2494 aluit,
555 2449 670 2495 fovit,
686 2457 726 2487 et
740 2448 894 2499 ubique
909 2447 1152 2487 instauravit
1166 2455 1282 2486 tanto
1300 2446 1452 2492 studio,
1468 2455 1513 2485 ut
1532 2446 1762 2484 uberrimos

196 2518 346 2557 exinde
380 2519 611 2557 animarum
645 2520 801 2558 fructus
835 2518 1032 2558 retulerit.
1068 2519 1272 2557 Strenuus
1296 2516 1450 2556 Christi
1488 2516 1617 2562 miles,
1644 2516 1765 2554 nullis

204 2603 388 2640 unquam
422 2590 633 2629 laboribus
657 2589 856 2641 pepercit,
882 2603 1017 2640 neque
1040 2588 1289 2628 valetudinis
1313 2587 1516 2626 rationem
1541 2587 1696 2631 habuit,
1723 2594 1765 2625 ut

203 2660 470 2700 christianam
495 2661 659 2711 plebem
684 2661 735 2699 ad
759 2669 917 2699 rectum
941 2659 1084 2698 salutis
1118 2659 1194 2697 iter
1223 2658 1469 2697 traduceret.
1496 2659 1654 2708 Itaque,
1680 2665 1767 2696 tum

199 2731 403 2777 doctrina,
430 2740 517 2769 tum
544 2731 746 2781 religione
770 2731 933 2777 claruit:
958 2731 1189 2781 clariorque
1213 2728 1424 2775 evasisset,
1461 2728 1493 2767 si
1518 2727 1675 2767 diutius
1707 2742 1770 2765 su-

202 2802 436 2853 perfuisset.
464 2804 571 2840 Nam
596 2803 716 2841 firmo
740 2803 874 2841 adhuc
907 2816 1022 2843 aevo,
1048 2801 1157 2839 diem
1182 2814 1425 2851 supremum
1451 2800 1554 2838 obiit
1583 2799 1767 2844 Genuae,

202 2887 334 2912 annos
368 2882 490 2912 natus
524 2873 708 2924 quinque
742 2882 782 2912 et
816 2872 1122 2924 quinquaginta
1146 2875 1222 2923 (2).
