1926 3200
833 250 1094 286 —252—

175 354 295 379 sacro
344 341 533 392 ephebeo
583 341 743 380 minore
793 342 994 393 magister
1043 343 1131 381 suit.
1184 344 1308 381 Anno
1353 343 1589 394 insequenti
1640 346 1745 383 Mas-

175 412 415 450 sam-Ducis
460 412 499 450 in
550 421 737 451 nostrum
787 413 1010 463 collegium
1056 413 1223 456 accitus,
1269 413 1583 460 humanitatem,
1619 430 1743 466 quam

174 491 339 530 vocant,
389 483 484 522 dein
535 484 785 522 rhetoricam
834 485 990 527 docuit,
1026 493 1150 535 atque
1185 485 1224 523 in
1259 485 1406 524 litteris
1447 486 1604 529 italicis.
1645 487 1744 537 quin

163 554 298 593 -etiam
333 554 372 592 in
407 554 567 605 gallicis
601 555 889 605 explanandis,
926 556 1104 593 maxime
1138 555 1299 594 enituit.
1327 557 1434 594 Nam
1459 557 1536 595 hac
1569 557 1609 595 in
1643 559 1744 596 urbe

171 625 330 664 litteras
363 625 532 676 gallicas
566 625 731 676 publice
780 625 949 664 tradidit
997 640 1149 677 magna
1199 640 1291 664 cum
1342 626 1474 669 laude,
1511 635 1551 665 et
1584 628 1743 678 optima

170 696 421 747 scriptorum
455 697 661 747 gallorum
696 705 784 735 tum
823 697 996 739 solutae,
1022 706 1109 735 tum
1134 697 1355 736 adstrictae
1386 697 1586 736 orationis
1610 712 1744 737 exem—

162 767 314 818 plaria,
350 767 389 805 in
414 769 570 806 bonum
596 767 924 806 adolescentium
950 768 1156 813 italorum,
1181 778 1277 819 apte
1300 777 1340 807 et
1372 769 1541 819 copiose
1576 769 1744 821 collegit

169 847 211 877 et
245 839 399 889 publici
434 839 533 878 iuris
566 839 674 879 fecit.
710 840 756 877 In
791 839 855 877 his
889 839 1064 890 provide
1098 839 1219 882 cavit,
1256 854 1305 878 ne
1340 840 1439 890 quid
1473 849 1593 883 esset,
1630 841 1743 891 quod

170 911 276 949 bene
301 919 485 950 moratae
510 924 736 962 puerorum
762 910 1011 949 institutioni
1037 911 1238 952 officeret:
1263 911 1363 961 quin
1397 925 1444 949 ea
1477 912 1741 962 potissimum

171 982 392 1027 recensuit,
428 996 535 1033 quae
568 982 619 1020 ad
653 981 851 1020 virtutem
886 996 1144 1032 magnopere
1178 982 1436 1024 conducunt:
1482 991 1607 1033 atque
1641 983 1742 1021 haec

170 1052 311 1091 omnia
328 1052 519 1104 plurimis
542 1067 620 1104 pro
644 1067 687 1091 re
710 1061 806 1091 nata
829 1052 1262 1091 animadversionibus
1287 1053 1518 1091 illustravit.
1544 1054 1743 1092 Triennio

170 1124 327 1174 elapso,
364 1124 545 1162 Romam
589 1110 813 1175 profectus,
860 1124 1034 1161 alterum
1080 1123 1246 1174 pietatis
1292 1123 1543 1167 tirocinium,
1582 1124 1640 1162 uti
1686 1138 1745 1162 as-

169 1194 287 1237 solet,
318 1207 393 1244 per
426 1208 580 1232 annum
613 1194 665 1232 ad
699 1194 740 1234 S.
778 1193 947 1232 Eusebii
979 1193 1242 1235 instauravit:
1277 1193 1372 1231 dein
1408 1194 1741 1232 Massam-Ducis

172 1272 235 1303 est
268 1278 496 1316 regressus,
533 1273 578 1303 ut
612 1265 760 1303 iterum
794 1264 1025 1303 rhetoricae
1059 1273 1281 1315 praecepta
1305 1264 1453 1302 eodem
1490 1265 1528 1302 in
1563 1264 1740 1314 collegio

167 1335 506 1375 adolescentibus
541 1336 797 1374 dilucidaret.

253 1408 379 1446 Anno
427 1416 624 1458 postero,
675 1407 746 1457 qui
795 1407 869 1444 fuit
913 1406 1287 1456 octingentesimus
1337 1399 1738 1455 undesexagesimus

168 1492 293 1528 supra
328 1478 606 1523 millesimum,
642 1491 771 1528 quum
805 1485 893 1515 tota
928 1476 1045 1515 Italia
1079 1477 1260 1514 maximo
1305 1477 1413 1514 bello
1448 1477 1737 1527 conflagraret,

169 1558 211 1588 et
245 1549 284 1587 in
318 1558 571 1600 potestatem
605 1548 931 1599 Subalpinorum
966 1549 1069 1587 ditio
1117 1548 1364 1587 mutinensis
1398 1548 1477 1586 iam
1512 1557 1621 1587 esset
1655 1549 1741 1587 red—

169 1628 271 1665 acta,
308 1620 432 1658 Mella
481 1619 576 1658 hinc
616 1619 826 1670 expulsus,
868 1619 1085 1659 Andriam,
1134 1619 1172 1656 in
1217 1619 1362 1657 urbem
1413 1618 1600 1669 regionis
1649 1633 1740 1657 nea—

168 1691 390 1742 politanae.
425 1691 607 1733 devenit,
657 1700 697 1729 et
746 1691 921 1729 eandem
966 1690 1229 1741 disciplinam
1280 1691 1318 1728 in
1368 1690 1546 1741 collegio
1596 1699 1740 1729 nostro

169 1762 355 1813 profiteri
389 1761 540 1812 coepit.
569 1762 646 1799 Per
680 1761 789 1799 idem
830 1761 914 1799 fere
953 1770 1131 1812 tempus.
1172 1762 1375 1812 Torquati
1421 1761 1539 1799 Tassi
1574 1776 1737 1812 poema,

176 1834 290 1884 quod
323 1832 560 1872 inscribitur
592 1834 658 1871 La
708 1833 1022 1872 Gerusalcmme
1063 1834 1275 1878 Libcraz‘a,
1315 1833 1617 1871 commentario
1650 1847 1739 1871 eru—

167 1904 373 1942 ditissimo
422 1903 693 1954 locupletavit
739 1903 983 1954 ediditque,
1038 1903 1109 1954 qui
1163 1917 1212 1941 eo
1266 1903 1390 1944 rivo.
1442 1903 1597 1953 pluries
1645 1911 1732 1942 tota

166 1975 284 2014 Italia
317 1984 379 2013 est
414 1988 596 2016 recusus,
631 1983 672 2013 et
705 1974 907 2025 singulari
941 1974 1061 2012 laude
1085 1989 1107 2012 a
1131 1973 1229 2012 viris
1253 1973 1456 2016 litteratis,
1491 1974 1737 2024 praesertim

168 2061 191 2084 a
224 2045 498 2096 scriptoribus
532 2045 862 2096 ephemeridum‚
898 2045 1050 2095 quibus
1083 2054 1145 2083 est
1179 2045 1322 2083 titulus
1355 2045 1421 2083 La
1460 2044 1608 2083 Ciw‘ltdr
1649 2045 1738 2083 Ca!-

163 2118 308 2166 folica,
363 2116 543 2155 donatus
592 2125 667 2155 est.
718 2117 812 2154 Iure
861 2115 985 2154 etiam
1035 2130 1081 2154 ac
1135 2115 1284 2154 merito
1334 2115 1459 2153 iidem
1511 2114 1737 2165 scriptores

162 2188 310 2226 Mellae
353 2187 601 2226 modestiam
635 2201 681 2225 ac
714 2186 1012 2225 demissionem
1046 2186 1354 2231 collaudarunt;
1390 2185 1732 2236 quandoquidem

160 2258 290 2309 operi,
326 2259 454 2298 totius
488 2258 741 2309 reipublicae
765 2258 986 2297 litterariae
1011 2257 1284 2296 consensione
1308 2257 1540 2308 probando,
1577 2270 1730 2295 nomen

167 2343 285 2368 suum
321 2343 403 2367 non
438 2329 763 2380 praeposuisset.
791 2330 898 2366 Nam
934 2328 1144 2366 interdum
1179 2327 1255 2366 viri
1289 2327 1400 2366 docti
1434 2326 1574 2365 studio
1598 2327 1730 2364 laudis

164 2401 386 2446 ducuntur,
422 2409 461 2439 et
495 2399 724 2438 celebritati
758 2400 875 2438 facile
910 2398 1153 2437 inserviunt.
1180 2399 1320 2449 Quum
1355 2397 1571 2448 Subalpini
1598 2411 1732 2447 regno

168 2472 433 2522 neapolitano
467 2480 607 2510 essent
640 2470 776 2521 potiti,
803 2471 927 2509 Mella
950 2471 1001 2508 ab
1025 2469 1210 2508 Andriae
1233 2468 1413 2517 collegio
1437 2482 1529 2506 cum
1565 2468 1648 2506 suis
1673 2482 1734 2505 sw-

160 2543 323 2581 dalibus
356 2542 524 2584 eiectus.
561 2542 601 2580 in
650 2541 875 2580 dioecesim
925 2541 1249 2579 derthonensem
1300 2554 1343 2578 se
1392 2539 1561 2590 recepit,
1604 2547 1643 2577 et
1694 2539 1733 2576 in

160 2612 309 2651 minori
333 2613 536 2664 ephebeo.
563 2626 775 2650 sacrorum
795 2612 985 2650 alumnos
1004 2619 1164 2661 septem
1189 2610 1347 2648 solidos
1370 2623 1502 2648 annos
1526 2609 1578 2648 ad
1601 2618 1730 2647 artem

162 2683 411 2722 rhetoricam
446 2683 618 2734 egregie
653 2682 906 2722 informavit.
943 2680 1216 2720 Postmodum
1251 2681 1459 2719 Vercellas
1494 2679 1533 2718 in
1553 2679 1728 2730 patriam

160 2754 303 2791 urbem
336 2768 379 2792 se
403 2754 589 2794 contulit.
615 2762 654 2792 et
679 2753 719 2791 in
743 2767 860 2791 sacro
885 2752 1074 2803 ephebeo
1100 2751 1387 2801 magisterium
1413 2750 1579 2801 pietatis
1610 2750 1724 2788 obiit.

163 2824 337 2862 Munere
370 2823 494 2861 etiam
529 2823 836 2861 concionatoris
871 2822 1113 2873 saepissime
1156 2831 1217 2860 est
1251 2822 1427 2863 functus,
1462 2829 1503 2859 et
1536 2821 1727 2865 Sorores,

159 2907 269 2943 quas
301 2908 323 2931 a
365 2893 549 2932 Caritate
599 2894 823 2944 appellant,
876 2893 1154 2931 m‹‘›deratoris
1198 2893 1347 2933 officio,
1392 2891 1443 2929 ad
1487 2891 1731 2941 religionem
