1926 3200
825 262 1086 306 ,198-

169 364 317 415 gregie
349 364 605 415 explanavit:
641 364 780 415 ibique
813 365 865 402 ad
899 373 1096 415 quattuor
1120 373 1315 403 votorum
1349 364 1650 415 professionem
1675 373 1738 403 est

172 444 404 486 promotus.
906 479 909 482 ¹

259 507 403 545 Rebus
437 506 586 545 iterum
621 506 784 557 quietis,
821 507 861 544 in
896 507 1057 545 Italiam
1090 516 1153 545 est
1181 507 1349 549 accitus,
1384 515 1425 546 et
1459 507 1620 545 Romae
1654 508 1737 545 An-

166 577 263 628 gelo
298 577 475 616 Seccbio
507 576 630 615 astris
662 577 928 616 dimetiendis
962 586 1025 616 est
1058 577 1333 615 consociatus.
1362 578 1456 615 Hoc
1489 576 1530 615 in
1563 591 1735 615 munere

165 648 426 687 nobilissimo
459 656 595 687 totum
628 649 804 687 sortasse
838 649 947 687 vitae
969 657 1148 699 tempus,
1175 649 1289 699 quod
1323 657 1550 699 supererat,
1585 648 1735 687 contri-

165 718 304 761 visset,
340 718 372 757 si
406 728 562 761 noctes,
598 719 746 763 somni,
781 719 898 757 cuius
931 728 1019 757 erat
1062 718 1241 757 maxime
1275 718 1507 770 impatiens,
1543 727 1736 769 expertes

165 790 384 829 traducere
428 790 644 841 potuisset.
682 791 826 841 Itaque
869 790 985 829 brevi
1029 799 1124 841 post
1167 799 1357 841 tempore
1400 791 1451 828 ab
1499 789 1635 828 officio
1667 790 1736 828 de-

165 861 281 900 stitit.
319 862 365 899 Id
410 875 561 912 nempe
604 861 769 900 sodales
811 861 1037 912 plurimum
1082 860 1319 902 indoluere:
1354 870 1577 912 propterea
1619 861 1735 911 quod

163 933 313 971 horum
347 932 547 983 opinione
579 932 763 971 futurum
807 941 929 978 esset,
979 941 1023 970 ut
1067 933 1236 982 Bayma,
1271 932 1304 970 si
1338 946 1412 983 per
1451 931 1732 970 valetudinem

161 1003 315 1047 liceret,
351 1003 472 1042 nullis
505 1003 605 1041 caeli
645 1003 908 1042 mensoribus
945 1003 1203 1042 concederet.
1250 1003 1410 1041 Ibidem
1456 1003 1499 1040 P.
1546 1002 1732 1041 Henrico

161 1076 309 1115 Vasco.
355 1075 425 1125 qui
459 1075 605 1113 eadem
629 1082 878 1125 tempestate
900 1074 951 1112 ad
976 1073 1323 1113 conscribendum
1348 1088 1454 1124 opus
1486 1074 1538 1112 de
1571 1073 1732 1112 ratione

161 1146 397 1184 studiorum
433 1145 696 1184 reformanda
728 1145 912 1183 animum
937 1144 1191 1190 intendebat,
1226 1158 1396 1195 operam
1421 1158 1538 1183 suam
1562 1143 1728 1183 locavit.

163 1217 311 1256 Eidem
352 1217 534 1255 maximo
578 1217 652 1255 suit
696 1216 907 1261 subsidi03
958 1225 1103 1267 utpote
1152 1216 1222 1267 qui
1266 1225 1306 1254 et
1355 1215 1525 1267 ingenio
1574 1225 1614 1254 et
1661 1215 1733 1254 do-

164 1288 307 1331 ctrina,
344 1299 431 1326 tum
481 1288 521 1326 in
570 1288 730 1333 litteris,
781 1297 868 1326 tum
919 1287 958 1325 in
1007 1287 1189 1326 scientiis
1227 1287 1365 1332 sacris,
1415 1295 1484 1325 aut
1533 1286 1729 1337 profanis,

164 1359 240 1410 ipsi
276 1361 411 1398 Vasco
456 1359 681 1410 plurimum
715 1360 964 1409 praestabat.
1011 1359 1228 1409 Quaenam
1262 1358 1384 1396 huius
1418 1357 1557 1408 operis
1590 1365 1731 1408 partes

162 1431 345 1480 Baymae
388 1431 548 1468 calamo
592 1430 673 1468 sint
717 1429 973 1475 tribuendae,
1009 1429 1107 1468 satis
1153 1443 1237 1467 non
1280 1437 1454 1467 constat.
1492 1428 1572 1467 Hic
1605 1428 1728 1474 enim,

160 1515 236 1552 pro
284 1501 409 1539 animi
458 1501 738 1546 demissione,
774 1500 867 1539 licet
915 1515 937 1539 a
985 1500 1197 1539 sodalibus
1231 1509 1430 1551 rogatus,
1472 1500 1551 1538 hoc
1590 1499 1727 1550 palam

157 1572 292 1610 facere
332 1572 434 1609 nulli
478 1572 697 1609 hominum
742 1572 886 1610 voluit.
940 1572 1140 1610 Vertente
1185 1585 1295 1609 anno
1340 1582 1584 1616 MDCCCLH,
1634 1584 1729 1608 cum

157 1643 305 1681 eodem
354 1643 491 1681 Vasco
545 1642 585 1680 in
639 1642 898 1693 provinciam
943 1650 1135 1680 venetam
1185 1656 1228 1680 se
1281 1641 1481 1688 contulit,
1536 1641 1569 1679 si
1623 1641 1729 1679 forte

157 1728 264 1766 quae
297 1714 436 1752 animo
469 1723 746 1764 conceperant
780 1723 819 1752 et
853 1714 1009 1764 scripto
1043 1714 1280 1760 retulerant,
1323 1713 1447 1752 etiam
1481 1727 1608 1763 opera
1641 1726 1730 1762 per-

159 1786 280 1824 ficere
313 1793 498 1836 possent.
535 1785 618 1823 Sed
651 1784 761 1823 enim
795 1784 998 1835 plurimae
1030 1784 1294 1823 difficultates
1317 1792 1411 1823 sunt
1445 1783 1726 1834 interpositae,

159 1865 204 1895 ut
237 1855 373 1895 omnis
397 1856 535 1894 aditus
568 1855 741 1905 negotio
765 1856 1012 1894 interclusus
1036 1856 1098 1894 sit.
1126 1855 1332 1906 Quocirca
1367 1864 1540 1906 uterque
1573 1854 1614 1892 in
1637 1867 1730 1904 pro·

118 1922 121 1924 v
157 1926 337 1965 vinciam
372 1940 586 1965 romanam
631 1927 782 1977 pedem
826 1926 1070 1965 retulerunt.
1121 1927 1230 1964 Tum
1277 1927 1432 1976 Bayma
1460 1927 1511 1964 ab
1545 1927 1621 1965 hac
1654 1940 1729 1977 spe

155 1998 354 2040 deiectus.
390 1998 576 2036 animum
601 2012 683 2036 non
717 1998 965 2048 despondit:
1003 1997 1103 2048 quin
1127 1998 1251 2036 etiam
1275 1998 1457 2036 Vascum
1487 1997 1635 2036 iterum
1661 1999 1730 2036 ite-

157 2083 334 2120 rumque
367 2078 429 2108 est
462 2070 666 2112 hortatus,
702 2082 765 2113 ne,
801 2069 916 2119 quod
950 2069 989 2106 in
1023 2069 1147 2107 rebus
1170 2082 1302 2119 paene
1334 2068 1566 2119 desperatis
1603 2068 1727 2107 etiam

157 2140 256 2178 viris
291 2139 433 2191 magni
465 2139 593 2178 animi
627 2139 837 2178 interdum
861 2139 1047 2177 accidere
1071 2139 1299 2185 videamus,
1335 2153 1378 2177 se
1410 2153 1581 2190 prorsus
1614 2140 1730 2178 (lese-

157 2220 283 2255 re1·et;
310 2212 383 2250 sed
408 2211 628 2262 proposito
653 2210 691 2249 in
716 2220 931 2261 posterum
963 2211 1104 2256 dilato,
1131 2225 1238 2249 nova
1261 2219 1464 2261 tempora,
1499 2212 1563 2249 vel
1585 2211 1727 2262 potius

157 2295 290 2320 novos
324 2282 515 2320 homines
549 2282 888 2332 praestolaretur.
915 2282 1009 2332 Qua
1032 2281 1082 2319 de
1117 2296 1159 2319 re
1193 2281 1322 2319 fusius
1357 2281 1396 2319 in
1430 2281 1552 2320 Vasci
1586 2281 1727 2333 elogio

157 2353 390 2403 loquemur.

250 2423 418 2461 Interim
456 2424 611 2473 Baynia
645 2423 748 2461 sacri
782 2423 958 2473 ephebei
992 2422 1328 2461 Brictinoriensis
1371 2430 1507 2461 rector
1539 2431 1601 2461 est
1633 2437 1728 2462 con-

154 2494 339 2533 stitutus.
378 2494 483 2532 Inibi
517 2502 733 2544 praeterea
765 2493 1077 2545 philosophiam
1100 2494 1255 2539 docuit,
1281 2502 1320 2532 et
1353 2493 1501 2532 studiis
1534 2494 1725 2544 praefuit.

156 2565 332 2609 Divinas
367 2565 524 2603 litteras
568 2565 607 2603 in
651 2566 809 2616 templo
854 2565 1042 2615 principe
1086 2564 1383 2615 interpretatus
1426 2573 1507 2611 est:
1542 2565 1724 2603 officium

155 2634 302 2673 iudicis
350 2644 466 2673 extra
514 2636 723 2685 synodum
772 2635 887 2677 obiit,
937 2644 1063 2685 atque
1110 2635 1148 2672 in
1187 2634 1538 2685 ephemeridibus,
1574 2635 1727 2686 quibus

158 2720 312 2744 nomen
346 2707 389 2745 ll
418 2721 511 2744 vcro
542 2708 684 2750 amico,
726 2707 854 2745 multa
888 2706 927 2744 in
961 2705 1177 2757 religionis
1220 2714 1260 2744 et
1303 2706 1534 2744 litterarum
1567 2707 1724 2745 bonum

154 2778 374 2827 evulgasse
408 2778 548 2816 fertur.
582 2778 759 2816 Annuos
792 2777 917 2816 etiam
949 2777 1125 2828 ephebei
1168 2785 1362 2827 sumptus
1394 2777 1566 2823 curavit,
1600 2777 1725 2816 aedes

155 2848 333 2886 aevitate
367 2848 553 2886 labentes
587 2848 707 2886 novis
730 2848 928 2898 operibus
952 2847 1144 2894 restituit,
1168 2856 1208 2886 et
1237 2847 1552 2898 contignatione
1585 2861 1726 2898 super-

152 2918 306 2959 addita,
333 2918 456 2957 altius
479 2918 635 2957 eduxit.
664 2919 870 2969 Denique.
897 2919 1010 2969 quod
1034 2927 1096 2957 est
1120 2918 1263 2969 pluris,
1284 2918 1447 2968 ephebi,
1473 2932 1522 2956 eo
1541 2918 1723 2968 auspice,
