<?xml version="1.0" encoding="UTF-8"?>
<!DOCTYPE html PUBLIC "-//W3C//DTD XHTML 1.0 Transitional//EN"
    "http://www.w3.org/TR/xhtml1/DTD/xhtml1-transitional.dtd">
<html xmlns="http://www.w3.org/1999/xhtml" xml:lang="en" lang="en">
 <head>
  <title>
</title>
<meta http-equiv="Content-Type" content="text/html;charset=utf-8" />
  <meta name='ocr-system' content='tesseract 3.04.00' />
  <meta name='ocr-capabilities' content='ocr_page ocr_carea ocr_par ocr_line ocrx_word'/>
</head>
<body>
  <div class='ocr_page' id='page_1' title='image "./declarissodalibu00casa_0296.png"; bbox 0 0 1926 3200; ppageno 0'>
   <div class='ocr_carea' id='block_1_1' title="bbox 836 268 1097 304">
    <p class='ocr_par' dir='ltr' id='par_1_1' title="bbox 836 268 1097 304">
     <span class='ocr_line' id='line_1_1' title="bbox 836 268 1097 304; baseline 0 -20"><span class='ocrx_word' id='word_1_1' title='bbox 836 268 1097 304; x_wconf 59' lang='lat'>„234—</span> 
     </span>
    </p>
   </div>
   <div class='ocr_carea' id='block_1_2' title="bbox 176 363 1757 2968">
    <p class='ocr_par' dir='ltr' id='par_1_2' title="bbox 181 363 1756 1123">
     <span class='ocr_line' id='line_1_2' title="bbox 273 363 1749 415; baseline 0.001 -14"><span class='ocrx_word' id='word_1_2' title='bbox 273 364 321 402; x_wconf 88' lang='lat' dir='ltr'>Id</span> <span class='ocrx_word' id='word_1_3' title='bbox 353 377 452 402; x_wconf 87' lang='lat' dir='ltr'>vero</span> <span class='ocrx_word' id='word_1_4' title='bbox 485 363 585 402; x_wconf 87' lang='lat' dir='ltr'>satis</span> <span class='ocrx_word' id='word_1_5' title='bbox 623 363 762 401; x_wconf 87' lang='lat' dir='ltr'>mirari</span> <span class='ocrx_word' id='word_1_6' title='bbox 801 377 978 414; x_wconf 83' lang='lat' dir='ltr'>nequeo,</span> <span class='ocrx_word' id='word_1_7' title='bbox 1003 371 1128 414; x_wconf 85' lang='lat' dir='ltr'>atque</span> <span class='ocrx_word' id='word_1_8' title='bbox 1152 363 1281 402; x_wconf 88' lang='lat' dir='ltr'>instar</span> <span class='ocrx_word' id='word_1_9' title='bbox 1303 364 1486 415; x_wconf 73' lang='lat' dir='ltr'>prodigii</span> <span class='ocrx_word' id='word_1_10' title='bbox 1511 364 1749 402; x_wconf 89' lang='lat' dir='ltr'>habendum</span> 
     </span>
     <span class='ocr_line' id='line_1_3' title="bbox 184 433 1755 484; baseline 0.001 -12"><span class='ocrx_word' id='word_1_11' title='bbox 184 448 316 484; x_wconf 90' lang='lat' dir='ltr'>paene</span> <span class='ocrx_word' id='word_1_12' title='bbox 348 433 544 480; x_wconf 84' lang='lat' dir='ltr'>dixerim;</span> <span class='ocrx_word' id='word_1_13' title='bbox 578 435 787 472; x_wconf 87' lang='lat' dir='ltr'>Francum</span> <span class='ocrx_word' id='word_1_14' title='bbox 813 433 1020 477; x_wconf 76' lang='lat' dir='ltr'>videlicet,</span> <span class='ocrx_word' id='word_1_15' title='bbox 1046 447 1301 484; x_wconf 85' lang='lat' dir='ltr'>quamquam</span> <span class='ocrx_word' id='word_1_16' title='bbox 1326 443 1414 472; x_wconf 89' lang='lat' dir='ltr'>erat</span> <span class='ocrx_word' id='word_1_17' title='bbox 1448 442 1510 473; x_wconf 88' lang='lat' dir='ltr'>tot</span> <span class='ocrx_word' id='word_1_18' title='bbox 1543 433 1755 473; x_wconf 80' lang='lat' dir='ltr'>laboribus</span> 
     </span>
     <span class='ocr_line' id='line_1_4' title="bbox 184 504 1753 556; baseline 0.001 -14"><span class='ocrx_word' id='word_1_19' title='bbox 184 505 380 548; x_wconf 79' lang='lat' dir='ltr'>intentus,</span> <span class='ocrx_word' id='word_1_20' title='bbox 417 513 461 544; x_wconf 88' lang='lat' dir='ltr'>ut</span> <span class='ocrx_word' id='word_1_21' title='bbox 493 505 622 543; x_wconf 86' lang='lat' dir='ltr'>horae</span> <span class='ocrx_word' id='word_1_22' title='bbox 655 504 902 556; x_wconf 82' lang='lat' dir='ltr'>particulam</span> <span class='ocrx_word' id='word_1_23' title='bbox 952 505 1003 542; x_wconf 83' lang='lat' dir='ltr'>ab</span> <span class='ocrx_word' id='word_1_24' title='bbox 1051 504 1115 543; x_wconf 86' lang='lat' dir='ltr'>his</span> <span class='ocrx_word' id='word_1_25' title='bbox 1149 518 1322 543; x_wconf 85' lang='lat' dir='ltr'>vacuam</span> <span class='ocrx_word' id='word_1_26' title='bbox 1367 519 1493 556; x_wconf 79' lang='lat' dir='ltr'>aegre</span> <span class='ocrx_word' id='word_1_27' title='bbox 1526 506 1753 544; x_wconf 77' lang='lat' dir='ltr'>admodum</span> 
     </span>
     <span class='ocr_line' id='line_1_5' title="bbox 183 575 1755 628; baseline 0 -13"><span class='ocrx_word' id='word_1_28' title='bbox 183 576 514 622; x_wconf 79' lang='lat' dir='ltr'>nancisceretur,</span> <span class='ocrx_word' id='word_1_29' title='bbox 559 576 611 614; x_wconf 90' lang='lat' dir='ltr'>ad</span> <span class='ocrx_word' id='word_1_30' title='bbox 654 575 896 615; x_wconf 89' lang='lat' dir='ltr'>huiusmodi</span> <span class='ocrx_word' id='word_1_31' title='bbox 940 575 1068 614; x_wconf 87' lang='lat' dir='ltr'>libros</span> <span class='ocrx_word' id='word_1_32' title='bbox 1112 575 1438 614; x_wconf 88' lang='lat' dir='ltr'>conscribendos</span> <span class='ocrx_word' id='word_1_33' title='bbox 1481 577 1755 628; x_wconf 84' lang='lat' dir='ltr'>edendosque</span> 
     </span>
     <span class='ocr_line' id='line_1_6' title="bbox 183 646 1756 699; baseline 0 -13"><span class='ocrx_word' id='word_1_34' title='bbox 183 647 424 686; x_wconf 76' lang='lat' dir='ltr'>incumbere</span> <span class='ocrx_word' id='word_1_35' title='bbox 457 647 658 698; x_wconf 88' lang='lat' dir='ltr'>potuisse.</span> <span class='ocrx_word' id='word_1_36' title='bbox 696 646 875 689; x_wconf 78' lang='lat' dir='ltr'>Etenim,</span> <span class='ocrx_word' id='word_1_37' title='bbox 911 660 995 697; x_wconf 84' lang='lat' dir='ltr'>quo</span> <span class='ocrx_word' id='word_1_38' title='bbox 1028 646 1150 685; x_wconf 88' lang='lat' dir='ltr'>etiam</span> <span class='ocrx_word' id='word_1_39' title='bbox 1194 655 1386 697; x_wconf 85' lang='lat' dir='ltr'>tempore</span> <span class='ocrx_word' id='word_1_40' title='bbox 1418 661 1558 686; x_wconf 89' lang='lat' dir='ltr'>sacrae</span> <span class='ocrx_word' id='word_1_41' title='bbox 1590 648 1756 699; x_wconf 81' lang='lat' dir='ltr'>expedi-</span> 
     </span>
     <span class='ocr_line' id='line_1_7' title="bbox 181 716 1756 769; baseline 0 -12"><span class='ocrx_word' id='word_1_42' title='bbox 181 719 317 758; x_wconf 81' lang='lat' dir='ltr'>tiones</span> <span class='ocrx_word' id='word_1_43' title='bbox 351 718 391 756; x_wconf 92' lang='lat' dir='ltr'>in</span> <span class='ocrx_word' id='word_1_44' title='bbox 417 718 569 757; x_wconf 86' lang='lat' dir='ltr'>Rhetia</span> <span class='ocrx_word' id='word_1_45' title='bbox 592 717 987 763; x_wconf 86' lang='lat' dir='ltr'>intermittebantur,</span> <span class='ocrx_word' id='word_1_46' title='bbox 1023 716 1063 755; x_wconf 92' lang='lat' dir='ltr'>in</span> <span class='ocrx_word' id='word_1_47' title='bbox 1096 717 1196 756; x_wconf 87' lang='lat' dir='ltr'>alias</span> <span class='ocrx_word' id='word_1_48' title='bbox 1230 718 1372 756; x_wconf 80' lang='lat' dir='ltr'>Italiae</span> <span class='ocrx_word' id='word_1_49' title='bbox 1406 718 1601 769; x_wconf 79' lang='lat' dir='ltr'>regiones</span> <span class='ocrx_word' id='word_1_50' title='bbox 1634 719 1756 769; x_wconf 84' lang='lat' dir='ltr'>profi-</span> 
     </span>
     <span class='ocr_line' id='line_1_8' title="bbox 181 787 1756 840; baseline 0 -12"><span class='ocrx_word' id='word_1_51' title='bbox 181 790 425 835; x_wconf 87' lang='lat' dir='ltr'>ciscebatur,</span> <span class='ocrx_word' id='word_1_52' title='bbox 460 788 501 827; x_wconf 88' lang='lat' dir='ltr'>in</span> <span class='ocrx_word' id='word_1_53' title='bbox 534 788 699 840; x_wconf 75' lang='lat' dir='ltr'>quibus,</span> <span class='ocrx_word' id='word_1_54' title='bbox 735 789 799 826; x_wconf 87' lang='lat' dir='ltr'>vel</span> <span class='ocrx_word' id='word_1_55' title='bbox 840 787 1064 827; x_wconf 80' lang='lat' dir='ltr'>conciones</span> <span class='ocrx_word' id='word_1_56' title='bbox 1097 802 1170 839; x_wconf 88' lang='lat' dir='ltr'>per</span> <span class='ocrx_word' id='word_1_57' title='bbox 1202 788 1324 827; x_wconf 86' lang='lat' dir='ltr'>serias</span> <span class='ocrx_word' id='word_1_58' title='bbox 1368 789 1660 840; x_wconf 79' lang='lat' dir='ltr'>quadragenas</span> <span class='ocrx_word' id='word_1_59' title='bbox 1704 790 1756 828; x_wconf 92' lang='lat' dir='ltr'>ie-</span> 
     </span>
     <span class='ocr_line' id='line_1_9' title="bbox 183 858 1755 911; baseline -0.001 -12"><span class='ocrx_word' id='word_1_60' title='bbox 183 860 298 899; x_wconf 91' lang='lat' dir='ltr'>iunio</span> <span class='ocrx_word' id='word_1_61' title='bbox 331 874 481 905; x_wconf 76' lang='lat' dir='ltr'>sacras,</span> <span class='ocrx_word' id='word_1_62' title='bbox 517 860 583 898; x_wconf 87' lang='lat' dir='ltr'>vel</span> <span class='ocrx_word' id='word_1_63' title='bbox 631 858 1008 898; x_wconf 82' lang='lat' dir='ltr'>commentationes</span> <span class='ocrx_word' id='word_1_64' title='bbox 1056 873 1131 910; x_wconf 91' lang='lat' dir='ltr'>per</span> <span class='ocrx_word' id='word_1_65' title='bbox 1178 873 1365 898; x_wconf 91' lang='lat' dir='ltr'>mensem</span> <span class='ocrx_word' id='word_1_66' title='bbox 1405 860 1557 898; x_wconf 85' lang='lat' dir='ltr'>Beatae</span> <span class='ocrx_word' id='word_1_67' title='bbox 1590 860 1755 911; x_wconf 83' lang='lat' dir='ltr'>Virgini</span> 
     </span>
     <span class='ocr_line' id='line_1_10' title="bbox 182 930 1756 982; baseline 0.001 -13"><span class='ocrx_word' id='word_1_68' title='bbox 182 932 379 978; x_wconf 87' lang='lat' dir='ltr'>dicatum,</span> <span class='ocrx_word' id='word_1_69' title='bbox 414 932 467 970; x_wconf 88' lang='lat' dir='ltr'>ad</span> <span class='ocrx_word' id='word_1_70' title='bbox 501 931 705 982; x_wconf 91' lang='lat' dir='ltr'>populum</span> <span class='ocrx_word' id='word_1_71' title='bbox 740 931 931 969; x_wconf 87' lang='lat' dir='ltr'>habebat.</span> <span class='ocrx_word' id='word_1_72' title='bbox 969 930 1079 969; x_wconf 87' lang='lat' dir='ltr'>Hinc</span> <span class='ocrx_word' id='word_1_73' title='bbox 1112 930 1228 969; x_wconf 87' lang='lat' dir='ltr'>nosci</span> <span class='ocrx_word' id='word_1_74' title='bbox 1252 930 1359 977; x_wconf 88' lang='lat' dir='ltr'>licet,</span> <span class='ocrx_word' id='word_1_75' title='bbox 1395 930 1529 969; x_wconf 76' lang='lat' dir='ltr'>virum</span> <span class='ocrx_word' id='word_1_76' title='bbox 1555 932 1756 982; x_wconf 88' lang='lat' dir='ltr'>temporis</span> 
     </span>
     <span class='ocr_line' id='line_1_11' title="bbox 182 1000 1754 1044; baseline -0.001 -3"><span class='ocrx_word' id='word_1_77' title='bbox 182 1003 493 1042; x_wconf 78' lang='lat' dir='ltr'>aestimatorem</span> <span class='ocrx_word' id='word_1_78' title='bbox 512 1002 619 1040; x_wconf 85' lang='lat' dir='ltr'>adeo</span> <span class='ocrx_word' id='word_1_79' title='bbox 637 1016 810 1040; x_wconf 79' lang='lat' dir='ltr'>avarum</span> <span class='ocrx_word' id='word_1_80' title='bbox 830 1000 968 1044; x_wconf 80' lang='lat' dir='ltr'>fuisse,</span> <span class='ocrx_word' id='word_1_81' title='bbox 994 1009 1039 1040; x_wconf 92' lang='lat' dir='ltr'>ut</span> <span class='ocrx_word' id='word_1_82' title='bbox 1063 1002 1127 1040; x_wconf 78' lang='lat' dir='ltr'>vel</span> <span class='ocrx_word' id='word_1_83' title='bbox 1152 1001 1370 1039; x_wconf 91' lang='lat' dir='ltr'>minimum</span> <span class='ocrx_word' id='word_1_84' title='bbox 1390 1002 1517 1040; x_wconf 87' lang='lat' dir='ltr'>horae</span> <span class='ocrx_word' id='word_1_85' title='bbox 1534 1002 1754 1041; x_wconf 85' lang='lat' dir='ltr'>articulum</span> 
     </span>
     <span class='ocr_line' id='line_1_12' title="bbox 182 1071 1079 1123; baseline -0.002 -11"><span class='ocrx_word' id='word_1_86' title='bbox 182 1073 288 1112; x_wconf 81' lang='lat' dir='ltr'>elabi</span> <span class='ocrx_word' id='word_1_87' title='bbox 322 1087 406 1112; x_wconf 91' lang='lat' dir='ltr'>non</span> <span class='ocrx_word' id='word_1_88' title='bbox 439 1073 607 1117; x_wconf 73' lang='lat' dir='ltr'>sineret,</span> <span class='ocrx_word' id='word_1_89' title='bbox 643 1072 744 1123; x_wconf 91' lang='lat' dir='ltr'>quin</span> <span class='ocrx_word' id='word_1_90' title='bbox 778 1071 880 1110; x_wconf 90' lang='lat' dir='ltr'>lucri</span> <span class='ocrx_word' id='word_1_91' title='bbox 914 1072 1079 1111; x_wconf 80' lang='lat' dir='ltr'>faceret.</span> 
     </span>
    </p>

    <p class='ocr_par' dir='ltr' id='par_1_3' title="bbox 177 1143 1757 2334">
     <span class='ocr_line' id='line_1_13' title="bbox 272 1143 1756 1195; baseline -0.001 -12"><span class='ocrx_word' id='word_1_92' title='bbox 272 1145 392 1195; x_wconf 76' lang='lat' dir='ltr'>Quae</span> <span class='ocrx_word' id='word_1_93' title='bbox 424 1143 565 1183; x_wconf 91' lang='lat' dir='ltr'>omnia</span> <span class='ocrx_word' id='word_1_94' title='bbox 589 1144 774 1182; x_wconf 87' lang='lat' dir='ltr'>seniores</span> <span class='ocrx_word' id='word_1_95' title='bbox 798 1143 957 1194; x_wconf 81' lang='lat' dir='ltr'>populi,</span> <span class='ocrx_word' id='word_1_96' title='bbox 982 1143 1175 1182; x_wconf 86' lang='lat' dir='ltr'>curiones</span> <span class='ocrx_word' id='word_1_97' title='bbox 1199 1143 1316 1189; x_wconf 83' lang='lat' dir='ltr'>sacri,</span> <span class='ocrx_word' id='word_1_98' title='bbox 1341 1152 1382 1182; x_wconf 90' lang='lat' dir='ltr'>et</span> <span class='ocrx_word' id='word_1_99' title='bbox 1406 1143 1664 1194; x_wconf 76' lang='lat' dir='ltr'>municipum</span> <span class='ocrx_word' id='word_1_100' title='bbox 1689 1158 1756 1182; x_wconf 89' lang='lat' dir='ltr'>cu-</span> 
     </span>
     <span class='ocr_line' id='line_1_14' title="bbox 182 1214 1755 1266; baseline -0.001 -12"><span class='ocrx_word' id='word_1_101' title='bbox 182 1225 341 1254; x_wconf 80' lang='lat' dir='ltr'>ratores</span> <span class='ocrx_word' id='word_1_102' title='bbox 383 1215 496 1266; x_wconf 89' lang='lat' dir='ltr'>apud</span> <span class='ocrx_word' id='word_1_103' title='bbox 531 1229 575 1253; x_wconf 91' lang='lat' dir='ltr'>se</span> <span class='ocrx_word' id='word_1_104' title='bbox 609 1223 865 1265; x_wconf 85' lang='lat' dir='ltr'>reputantes,</span> <span class='ocrx_word' id='word_1_105' title='bbox 916 1227 1041 1265; x_wconf 87' lang='lat' dir='ltr'>quam</span> <span class='ocrx_word' id='word_1_106' title='bbox 1090 1214 1291 1252; x_wconf 83' lang='lat' dir='ltr'>maximas</span> <span class='ocrx_word' id='word_1_107' title='bbox 1325 1215 1487 1253; x_wconf 81' lang='lat' dir='ltr'>Franco</span> <span class='ocrx_word' id='word_1_108' title='bbox 1521 1214 1679 1265; x_wconf 79' lang='lat' dir='ltr'>gratias</span> <span class='ocrx_word' id='word_1_109' title='bbox 1718 1229 1755 1253; x_wconf 89' lang='lat' dir='ltr'>a-</span> 
     </span>
     <span class='ocr_line' id='line_1_15' title="bbox 181 1285 1756 1337; baseline -0.001 -12"><span class='ocrx_word' id='word_1_110' title='bbox 181 1288 342 1337; x_wconf 71' lang='lat' dir='ltr'>gendas</span> <span class='ocrx_word' id='word_1_111' title='bbox 375 1286 679 1325; x_wconf 85' lang='lat' dir='ltr'>existimarunt.</span> <span class='ocrx_word' id='word_1_112' title='bbox 731 1286 890 1337; x_wconf 86' lang='lat' dir='ltr'>Itaque,</span> <span class='ocrx_word' id='word_1_113' title='bbox 941 1285 1048 1324; x_wconf 82' lang='lat' dir='ltr'>datis</span> <span class='ocrx_word' id='word_1_114' title='bbox 1091 1285 1251 1332; x_wconf 87' lang='lat' dir='ltr'>litteris,</span> <span class='ocrx_word' id='word_1_115' title='bbox 1288 1286 1557 1324; x_wconf 89' lang='lat' dir='ltr'>vehementer</span> <span class='ocrx_word' id='word_1_116' title='bbox 1589 1286 1625 1324; x_wconf 89' lang='lat' dir='ltr'>ei</span> <span class='ocrx_word' id='word_1_117' title='bbox 1659 1294 1756 1324; x_wconf 88' lang='lat' dir='ltr'>sunt</span> 
     </span>
     <span class='ocr_line' id='line_1_16' title="bbox 181 1355 1757 1409; baseline -0.001 -13"><span class='ocrx_word' id='word_1_118' title='bbox 181 1357 392 1409; x_wconf 73' lang='lat' dir='ltr'>gratulati,</span> <span class='ocrx_word' id='word_1_119' title='bbox 417 1357 532 1408; x_wconf 89' lang='lat' dir='ltr'>quod</span> <span class='ocrx_word' id='word_1_120' title='bbox 556 1357 618 1396; x_wconf 91' lang='lat' dir='ltr'>sui</span> <span class='ocrx_word' id='word_1_121' title='bbox 642 1370 775 1408; x_wconf 89' lang='lat' dir='ltr'>paene</span> <span class='ocrx_word' id='word_1_122' title='bbox 799 1356 1033 1402; x_wconf 90' lang='lat' dir='ltr'>immemor,</span> <span class='ocrx_word' id='word_1_123' title='bbox 1059 1355 1136 1394; x_wconf 87' lang='lat' dir='ltr'>sibi</span> <span class='ocrx_word' id='word_1_124' title='bbox 1159 1355 1351 1407; x_wconf 79' lang='lat' dir='ltr'>nuspiam</span> <span class='ocrx_word' id='word_1_125' title='bbox 1376 1355 1644 1406; x_wconf 83' lang='lat' dir='ltr'>pepercisset,</span> <span class='ocrx_word' id='word_1_126' title='bbox 1670 1370 1757 1407; x_wconf 87' lang='lat' dir='ltr'>quo</span> 
     </span>
     <span class='ocr_line' id='line_1_17' title="bbox 181 1427 1754 1480; baseline -0.001 -13"><span class='ocrx_word' id='word_1_127' title='bbox 181 1430 406 1480; x_wconf 84' lang='lat' dir='ltr'>populares</span> <span class='ocrx_word' id='word_1_128' title='bbox 439 1442 461 1467; x_wconf 94' lang='lat' dir='ltr'>e</span> <span class='ocrx_word' id='word_1_129' title='bbox 493 1428 694 1467; x_wconf 90' lang='lat' dir='ltr'>diuturno</span> <span class='ocrx_word' id='word_1_130' title='bbox 727 1427 926 1466; x_wconf 83' lang='lat' dir='ltr'>vitiorum</span> <span class='ocrx_word' id='word_1_131' title='bbox 961 1436 1134 1466; x_wconf 85' lang='lat' dir='ltr'>veterno</span> <span class='ocrx_word' id='word_1_132' title='bbox 1173 1435 1397 1470; x_wconf 79' lang='lat' dir='ltr'>excuteret,</span> <span class='ocrx_word' id='word_1_133' title='bbox 1432 1435 1558 1477; x_wconf 88' lang='lat' dir='ltr'>atque</span> <span class='ocrx_word' id='word_1_134' title='bbox 1590 1428 1643 1466; x_wconf 89' lang='lat' dir='ltr'>ad</span> <span class='ocrx_word' id='word_1_135' title='bbox 1677 1427 1754 1465; x_wconf 89' lang='lat' dir='ltr'>vir-</span> 
     </span>
     <span class='ocr_line' id='line_1_18' title="bbox 179 1498 1753 1549; baseline -0.001 -10"><span class='ocrx_word' id='word_1_136' title='bbox 179 1509 310 1539; x_wconf 85' lang='lat' dir='ltr'>tutem</span> <span class='ocrx_word' id='word_1_137' title='bbox 334 1500 574 1539; x_wconf 83' lang='lat' dir='ltr'>sectandam</span> <span class='ocrx_word' id='word_1_138' title='bbox 598 1498 810 1538; x_wconf 86' lang='lat' dir='ltr'>excitaret.</span> <span class='ocrx_word' id='word_1_139' title='bbox 828 1499 935 1537; x_wconf 87' lang='lat' dir='ltr'>Eum</span> <span class='ocrx_word' id='word_1_140' title='bbox 960 1499 1066 1537; x_wconf 90' lang='lat' dir='ltr'>hanc</span> <span class='ocrx_word' id='word_1_141' title='bbox 1089 1499 1143 1537; x_wconf 90' lang='lat' dir='ltr'>ob</span> <span class='ocrx_word' id='word_1_142' title='bbox 1165 1512 1332 1537; x_wconf 88' lang='lat' dir='ltr'>causam</span> <span class='ocrx_word' id='word_1_143' title='bbox 1356 1498 1408 1537; x_wconf 90' lang='lat' dir='ltr'>de</span> <span class='ocrx_word' id='word_1_144' title='bbox 1430 1512 1487 1543; x_wconf 91' lang='lat' dir='ltr'>se,</span> <span class='ocrx_word' id='word_1_145' title='bbox 1507 1499 1644 1549; x_wconf 86' lang='lat' dir='ltr'>deque</span> <span class='ocrx_word' id='word_1_146' title='bbox 1666 1498 1753 1537; x_wconf 92' lang='lat' dir='ltr'>suis</span> 
     </span>
     <span class='ocr_line' id='line_1_19' title="bbox 180 1570 1753 1622; baseline -0.001 -12"><span class='ocrx_word' id='word_1_147' title='bbox 180 1571 340 1622; x_wconf 90' lang='lat' dir='ltr'>optime</span> <span class='ocrx_word' id='word_1_148' title='bbox 387 1570 583 1609; x_wconf 90' lang='lat' dir='ltr'>meritum</span> <span class='ocrx_word' id='word_1_149' title='bbox 632 1584 742 1616; x_wconf 83' lang='lat' dir='ltr'>esse:</span> <span class='ocrx_word' id='word_1_150' title='bbox 777 1584 821 1609; x_wconf 90' lang='lat' dir='ltr'>se</span> <span class='ocrx_word' id='word_1_151' title='bbox 854 1584 955 1609; x_wconf 91' lang='lat' dir='ltr'>vero</span> <span class='ocrx_word' id='word_1_152' title='bbox 1003 1579 1065 1609; x_wconf 94' lang='lat' dir='ltr'>tot</span> <span class='ocrx_word' id='word_1_153' title='bbox 1114 1570 1427 1608; x_wconf 83' lang='lat' dir='ltr'>benefactorum</span> <span class='ocrx_word' id='word_1_154' title='bbox 1472 1584 1679 1609; x_wconf 87' lang='lat' dir='ltr'>memores</span> <span class='ocrx_word' id='word_1_155' title='bbox 1713 1570 1753 1609; x_wconf 89' lang='lat' dir='ltr'>in</span> 
     </span>
     <span class='ocr_line' id='line_1_20' title="bbox 180 1641 1753 1693; baseline -0.001 -12"><span class='ocrx_word' id='word_1_156' title='bbox 180 1651 395 1693; x_wconf 85' lang='lat' dir='ltr'>posterum</span> <span class='ocrx_word' id='word_1_157' title='bbox 424 1642 599 1681; x_wconf 87' lang='lat' dir='ltr'>futuros.</span> <span class='ocrx_word' id='word_1_158' title='bbox 636 1643 785 1693; x_wconf 81' lang='lat' dir='ltr'>Neque</span> <span class='ocrx_word' id='word_1_159' title='bbox 820 1641 957 1680; x_wconf 90' lang='lat' dir='ltr'>minus</span> <span class='ocrx_word' id='word_1_160' title='bbox 992 1642 1168 1683; x_wconf 77' lang='lat' dir='ltr'>Franco.</span> <span class='ocrx_word' id='word_1_161' title='bbox 1209 1655 1293 1692; x_wconf 80' lang='lat' dir='ltr'>quo</span> <span class='ocrx_word' id='word_1_162' title='bbox 1331 1641 1449 1688; x_wconf 86' lang='lat' dir='ltr'>duce,</span> <span class='ocrx_word' id='word_1_163' title='bbox 1485 1650 1548 1680; x_wconf 92' lang='lat' dir='ltr'>tot</span> <span class='ocrx_word' id='word_1_164' title='bbox 1580 1641 1753 1693; x_wconf 79' lang='lat' dir='ltr'>egregia</span> 
     </span>
     <span class='ocr_line' id='line_1_21' title="bbox 180 1712 1754 1764; baseline -0.001 -12"><span class='ocrx_word' id='word_1_165' title='bbox 180 1713 388 1764; x_wconf 83' lang='lat' dir='ltr'>stipendia</span> <span class='ocrx_word' id='word_1_166' title='bbox 437 1722 693 1758; x_wconf 84' lang='lat' dir='ltr'>meruerant,</span> <span class='ocrx_word' id='word_1_167' title='bbox 730 1713 924 1751; x_wconf 90' lang='lat' dir='ltr'>itinerum</span> <span class='ocrx_word' id='word_1_168' title='bbox 969 1712 1143 1751; x_wconf 89' lang='lat' dir='ltr'>comites</span> <span class='ocrx_word' id='word_1_169' title='bbox 1182 1721 1222 1751; x_wconf 94' lang='lat' dir='ltr'>et</span> <span class='ocrx_word' id='word_1_170' title='bbox 1255 1713 1445 1751; x_wconf 90' lang='lat' dir='ltr'>laborum</span> <span class='ocrx_word' id='word_1_171' title='bbox 1479 1712 1603 1759; x_wconf 90' lang='lat' dir='ltr'>socii,</span> <span class='ocrx_word' id='word_1_172' title='bbox 1639 1726 1754 1763; x_wconf 89' lang='lat' dir='ltr'>prae-</span> 
     </span>
     <span class='ocr_line' id='line_1_22' title="bbox 178 1783 1753 1835; baseline -0.001 -12"><span class='ocrx_word' id='word_1_173' title='bbox 178 1785 299 1835; x_wconf 84' lang='lat' dir='ltr'>cipue</span> <span class='ocrx_word' id='word_1_174' title='bbox 333 1784 616 1827; x_wconf 72' lang='lat' dir='ltr'>Cavalierius‚</span> <span class='ocrx_word' id='word_1_175' title='bbox 667 1793 764 1823; x_wconf 89' lang='lat' dir='ltr'>sunt</span> <span class='ocrx_word' id='word_1_176' title='bbox 811 1784 1018 1823; x_wconf 89' lang='lat' dir='ltr'>delectati.</span> <span class='ocrx_word' id='word_1_177' title='bbox 1069 1783 1239 1835; x_wconf 77' lang='lat' dir='ltr'>Quippe</span> <span class='ocrx_word' id='word_1_178' title='bbox 1288 1783 1328 1822; x_wconf 91' lang='lat' dir='ltr'>in</span> <span class='ocrx_word' id='word_1_179' title='bbox 1372 1784 1515 1830; x_wconf 83' lang='lat' dir='ltr'>illum,</span> <span class='ocrx_word' id='word_1_180' title='bbox 1550 1784 1678 1823; x_wconf 85' lang='lat' dir='ltr'>veluti</span> <span class='ocrx_word' id='word_1_181' title='bbox 1712 1784 1753 1822; x_wconf 90' lang='lat' dir='ltr'>in</span> 
     </span>
     <span class='ocr_line' id='line_1_23' title="bbox 180 1854 1752 1907; baseline -0.001 -13"><span class='ocrx_word' id='word_1_182' title='bbox 180 1856 393 1907; x_wconf 80' lang='lat' dir='ltr'>exemplar</span> <span class='ocrx_word' id='word_1_183' title='bbox 426 1855 715 1906; x_wconf 75' lang='lat' dir='ltr'>inspiciebant,</span> <span class='ocrx_word' id='word_1_184' title='bbox 748 1856 862 1906; x_wconf 85' lang='lat' dir='ltr'>quod</span> <span class='ocrx_word' id='word_1_185' title='bbox 896 1855 1169 1896; x_wconf 88' lang='lat' dir='ltr'>imitarentur.</span> <span class='ocrx_word' id='word_1_186' title='bbox 1197 1854 1275 1893; x_wconf 92' lang='lat' dir='ltr'>Dei</span> <span class='ocrx_word' id='word_1_187' title='bbox 1299 1868 1498 1897; x_wconf 78' lang='lat' dir='ltr'>amorem.</span> <span class='ocrx_word' id='word_1_188' title='bbox 1534 1869 1618 1906; x_wconf 85' lang='lat' dir='ltr'>quo</span> <span class='ocrx_word' id='word_1_189' title='bbox 1642 1855 1752 1894; x_wconf 91' lang='lat' dir='ltr'>idem</span> 
     </span>
     <span class='ocr_line' id='line_1_24' title="bbox 181 1926 1753 1978; baseline -0.001 -12"><span class='ocrx_word' id='word_1_190' title='bbox 181 1928 493 1972; x_wconf 76' lang='lat' dir='ltr'>incendebatur,</span> <span class='ocrx_word' id='word_1_191' title='bbox 518 1927 764 1978; x_wconf 84' lang='lat' dir='ltr'>praesertim</span> <span class='ocrx_word' id='word_1_192' title='bbox 789 1926 1066 1971; x_wconf 87' lang='lat' dir='ltr'>mirabantur;</span> <span class='ocrx_word' id='word_1_193' title='bbox 1091 1935 1217 1977; x_wconf 86' lang='lat' dir='ltr'>atque</span> <span class='ocrx_word' id='word_1_194' title='bbox 1240 1926 1387 1965; x_wconf 90' lang='lat' dir='ltr'>orandi</span> <span class='ocrx_word' id='word_1_195' title='bbox 1412 1926 1610 1971; x_wconf 79' lang='lat' dir='ltr'>studium,</span> <span class='ocrx_word' id='word_1_196' title='bbox 1636 1926 1753 1965; x_wconf 90' lang='lat' dir='ltr'>cuius</span> 
     </span>
     <span class='ocr_line' id='line_1_25' title="bbox 178 1997 1752 2049; baseline -0.001 -12"><span class='ocrx_word' id='word_1_197' title='bbox 178 1999 325 2047; x_wconf 52' lang='lat' dir='ltr'>¹gratia,</span> <span class='ocrx_word' id='word_1_198' title='bbox 361 2008 505 2038; x_wconf 81' lang='lat' dir='ltr'>noctes</span> <span class='ocrx_word' id='word_1_199' title='bbox 539 1999 761 2044; x_wconf 82' lang='lat' dir='ltr'>interdum,</span> <span class='ocrx_word' id='word_1_200' title='bbox 796 2006 893 2037; x_wconf 90' lang='lat' dir='ltr'>ante</span> <span class='ocrx_word' id='word_1_201' title='bbox 926 1997 1108 2049; x_wconf 82' lang='lat' dir='ltr'>effigiem</span> <span class='ocrx_word' id='word_1_202' title='bbox 1144 1998 1237 2036; x_wconf 91' lang='lat' dir='ltr'>Iesu</span> <span class='ocrx_word' id='word_1_203' title='bbox 1271 1997 1382 2036; x_wconf 89' lang='lat' dir='ltr'>cruci</span> <span class='ocrx_word' id='word_1_204' title='bbox 1415 1997 1538 2043; x_wconf 80' lang='lat' dir='ltr'>affixi,</span> <span class='ocrx_word' id='word_1_205' title='bbox 1573 1997 1752 2048; x_wconf 73' lang='lat' dir='ltr'>genibus</span> 
     </span>
     <span class='ocr_line' id='line_1_26' title="bbox 179 2068 1754 2115; baseline -0.001 -7"><span class='ocrx_word' id='word_1_206' title='bbox 179 2070 311 2114; x_wconf 76' lang='lat' dir='ltr'>nixus.</span> <span class='ocrx_word' id='word_1_207' title='bbox 347 2069 561 2108; x_wconf 86' lang='lat' dir='ltr'>insomnes</span> <span class='ocrx_word' id='word_1_208' title='bbox 595 2070 787 2115; x_wconf 86' lang='lat' dir='ltr'>ducebat,</span> <span class='ocrx_word' id='word_1_209' title='bbox 814 2069 921 2108; x_wconf 83' lang='lat' dir='ltr'>adeo</span> <span class='ocrx_word' id='word_1_210' title='bbox 954 2077 998 2107; x_wconf 91' lang='lat' dir='ltr'>ut</span> <span class='ocrx_word' id='word_1_211' title='bbox 1022 2077 1213 2107; x_wconf 86' lang='lat' dir='ltr'>naturam</span> <span class='ocrx_word' id='word_1_212' title='bbox 1248 2068 1446 2113; x_wconf 82' lang='lat' dir='ltr'>vinceret,</span> <span class='ocrx_word' id='word_1_213' title='bbox 1472 2068 1648 2107; x_wconf 90' lang='lat' dir='ltr'>summis</span> <span class='ocrx_word' id='word_1_214' title='bbox 1671 2069 1754 2107; x_wconf 89' lang='lat' dir='ltr'>lau-</span> 
     </span>
     <span class='ocr_line' id='line_1_27' title="bbox 178 2139 1749 2191; baseline -0.001 -13"><span class='ocrx_word' id='word_1_215' title='bbox 178 2141 301 2179; x_wconf 84' lang='lat' dir='ltr'>dibus</span> <span class='ocrx_word' id='word_1_216' title='bbox 334 2140 574 2179; x_wconf 86' lang='lat' dir='ltr'>efferebant.</span> <span class='ocrx_word' id='word_1_217' title='bbox 611 2139 776 2191; x_wconf 74' lang='lat' dir='ltr'>Quibus</span> <span class='ocrx_word' id='word_1_218' title='bbox 811 2139 959 2178; x_wconf 85' lang='lat' dir='ltr'>Franci</span> <span class='ocrx_word' id='word_1_219' title='bbox 1004 2139 1241 2185; x_wconf 80' lang='lat' dir='ltr'>virtutibus,</span> <span class='ocrx_word' id='word_1_220' title='bbox 1287 2148 1383 2190; x_wconf 89' lang='lat' dir='ltr'>post</span> <span class='ocrx_word' id='word_1_221' title='bbox 1423 2139 1561 2190; x_wconf 87' lang='lat' dir='ltr'>ipsum</span> <span class='ocrx_word' id='word_1_222' title='bbox 1598 2140 1749 2185; x_wconf 91' lang='lat' dir='ltr'>Deum,</span> 
     </span>
     <span class='ocr_line' id='line_1_28' title="bbox 177 2210 1750 2262; baseline -0.002 -11"><span class='ocrx_word' id='word_1_223' title='bbox 177 2220 394 2262; x_wconf 80' lang='lat' dir='ltr'>acceptum</span> <span class='ocrx_word' id='word_1_224' title='bbox 428 2212 658 2251; x_wconf 89' lang='lat' dir='ltr'>retulerunt</span> <span class='ocrx_word' id='word_1_225' title='bbox 691 2225 902 2250; x_wconf 86' lang='lat' dir='ltr'>sacrarum</span> <span class='ocrx_word' id='word_1_226' title='bbox 935 2211 1251 2262; x_wconf 78' lang='lat' dir='ltr'>expeditionum</span> <span class='ocrx_word' id='word_1_227' title='bbox 1286 2211 1456 2257; x_wconf 79' lang='lat' dir='ltr'>exitum,</span> <span class='ocrx_word' id='word_1_228' title='bbox 1492 2224 1575 2262; x_wconf 83' lang='lat' dir='ltr'>quo</span> <span class='ocrx_word' id='word_1_229' title='bbox 1609 2210 1664 2248; x_wconf 91' lang='lat' dir='ltr'>nil</span> <span class='ocrx_word' id='word_1_230' title='bbox 1697 2211 1750 2249; x_wconf 87' lang='lat' dir='ltr'>fe-</span> 
     </span>
     <span class='ocr_line' id='line_1_29' title="bbox 178 2283 787 2334; baseline 0 -13"><span class='ocrx_word' id='word_1_231' title='bbox 178 2283 296 2322; x_wconf 91' lang='lat' dir='ltr'>licius</span> <span class='ocrx_word' id='word_1_232' title='bbox 329 2283 576 2334; x_wconf 80' lang='lat' dir='ltr'>contingere</span> <span class='ocrx_word' id='word_1_233' title='bbox 609 2291 787 2334; x_wconf 89' lang='lat' dir='ltr'>poterat.</span> 
     </span>
    </p>

    <p class='ocr_par' dir='ltr' id='par_1_4' title="bbox 176 2352 1752 2968">
     <span class='ocr_line' id='line_1_30' title="bbox 269 2352 1749 2402; baseline -0.002 -10"><span class='ocrx_word' id='word_1_234' title='bbox 269 2355 489 2393; x_wconf 83' lang='lat' dir='ltr'>Postremo</span> <span class='ocrx_word' id='word_1_235' title='bbox 507 2367 591 2392; x_wconf 88' lang='lat' dir='ltr'>non</span> <span class='ocrx_word' id='word_1_236' title='bbox 604 2353 914 2399; x_wconf 90' lang='lat' dir='ltr'>conticendum,</span> <span class='ocrx_word' id='word_1_237' title='bbox 931 2354 1152 2399; x_wconf 83' lang='lat' dir='ltr'>Francum,</span> <span class='ocrx_word' id='word_1_238' title='bbox 1168 2352 1231 2391; x_wconf 90' lang='lat' dir='ltr'>his</span> <span class='ocrx_word' id='word_1_239' title='bbox 1249 2352 1461 2391; x_wconf 86' lang='lat' dir='ltr'>laboribus</span> <span class='ocrx_word' id='word_1_240' title='bbox 1473 2352 1749 2402; x_wconf 90' lang='lat' dir='ltr'>perfunctum,</span> 
     </span>
     <span class='ocr_line' id='line_1_31' title="bbox 178 2423 1750 2477; baseline -0.001 -14"><span class='ocrx_word' id='word_1_241' title='bbox 178 2439 374 2477; x_wconf 73' lang='lat' dir='ltr'>magnam</span> <span class='ocrx_word' id='word_1_242' title='bbox 407 2425 534 2464; x_wconf 86' lang='lat' dir='ltr'>animi</span> <span class='ocrx_word' id='word_1_243' title='bbox 569 2424 767 2464; x_wconf 83' lang='lat' dir='ltr'>laetitiam</span> <span class='ocrx_word' id='word_1_244' title='bbox 801 2424 982 2475; x_wconf 72' lang='lat' dir='ltr'>cepisse,</span> <span class='ocrx_word' id='word_1_245' title='bbox 1017 2424 1132 2475; x_wconf 88' lang='lat' dir='ltr'>quod</span> <span class='ocrx_word' id='word_1_246' title='bbox 1165 2423 1334 2469; x_wconf 88' lang='lat' dir='ltr'>scilicet,</span> <span class='ocrx_word' id='word_1_247' title='bbox 1371 2424 1464 2462; x_wconf 91' lang='lat' dir='ltr'>Deo</span> <span class='ocrx_word' id='word_1_248' title='bbox 1497 2423 1674 2469; x_wconf 86' lang='lat' dir='ltr'>favente,</span> <span class='ocrx_word' id='word_1_249' title='bbox 1709 2431 1750 2461; x_wconf 89' lang='lat' dir='ltr'>et</span> 
     </span>
     <span class='ocr_line' id='line_1_32' title="bbox 177 2493 1750 2545; baseline -0.002 -11"><span class='ocrx_word' id='word_1_250' title='bbox 177 2496 301 2535; x_wconf 91' lang='lat' dir='ltr'>sociis</span> <span class='ocrx_word' id='word_1_251' title='bbox 334 2495 642 2541; x_wconf 86' lang='lat' dir='ltr'>adiuvantibus,</span> <span class='ocrx_word' id='word_1_252' title='bbox 678 2504 839 2534; x_wconf 89' lang='lat' dir='ltr'>tantum</span> <span class='ocrx_word' id='word_1_253' title='bbox 884 2496 1090 2533; x_wconf 45' lang='lat' dir='ltr'>massionis</span> <span class='ocrx_word' id='word_1_254' title='bbox 1133 2493 1364 2545; x_wconf 90' lang='lat' dir='ltr'>praemium</span> <span class='ocrx_word' id='word_1_255' title='bbox 1408 2493 1583 2539; x_wconf 83' lang='lat' dir='ltr'>tulisset,</span> <span class='ocrx_word' id='word_1_256' title='bbox 1623 2501 1750 2544; x_wconf 87' lang='lat' dir='ltr'>atque</span> 
     </span>
     <span class='ocr_line' id='line_1_33' title="bbox 178 2563 1752 2616; baseline -0.003 -11"><span class='ocrx_word' id='word_1_257' title='bbox 178 2567 445 2605; x_wconf 85' lang='lat' dir='ltr'>incommoda</span> <span class='ocrx_word' id='word_1_258' title='bbox 477 2566 707 2616; x_wconf 86' lang='lat' dir='ltr'>superiora,</span> <span class='ocrx_word' id='word_1_259' title='bbox 743 2579 849 2616; x_wconf 83' lang='lat' dir='ltr'>quae</span> <span class='ocrx_word' id='word_1_260' title='bbox 874 2565 913 2603; x_wconf 89' lang='lat' dir='ltr'>in</span> <span class='ocrx_word' id='word_1_261' title='bbox 939 2564 1105 2604; x_wconf 83' lang='lat' dir='ltr'>Etruria</span> <span class='ocrx_word' id='word_1_262' title='bbox 1133 2572 1361 2615; x_wconf 84' lang='lat' dir='ltr'>acceperat,</span> <span class='ocrx_word' id='word_1_263' title='bbox 1398 2563 1438 2602; x_wconf 89' lang='lat' dir='ltr'>in</span> <span class='ocrx_word' id='word_1_264' title='bbox 1472 2564 1629 2602; x_wconf 90' lang='lat' dir='ltr'>bonum</span> <span class='ocrx_word' id='word_1_265' title='bbox 1663 2576 1752 2601; x_wconf 84' lang='lat' dir='ltr'>ver—</span> 
     </span>
     <span class='ocr_line' id='line_1_34' title="bbox 176 2633 1746 2685; baseline -0.003 -10"><span class='ocrx_word' id='word_1_266' title='bbox 176 2637 304 2675; x_wconf 87' lang='lat' dir='ltr'>tisset.</span> <span class='ocrx_word' id='word_1_267' title='bbox 340 2636 522 2675; x_wconf 84' lang='lat' dir='ltr'>Videbat</span> <span class='ocrx_word' id='word_1_268' title='bbox 555 2635 679 2683; x_wconf 86' lang='lat' dir='ltr'>enim,</span> <span class='ocrx_word' id='word_1_269' title='bbox 705 2650 749 2674; x_wconf 88' lang='lat' dir='ltr'>se</span> <span class='ocrx_word' id='word_1_270' title='bbox 772 2636 940 2675; x_wconf 85' lang='lat' dir='ltr'>tandem</span> <span class='ocrx_word' id='word_1_271' title='bbox 965 2649 1015 2673; x_wconf 91' lang='lat' dir='ltr'>eo</span> <span class='ocrx_word' id='word_1_272' title='bbox 1039 2643 1140 2673; x_wconf 89' lang='lat' dir='ltr'>voto</span> <span class='ocrx_word' id='word_1_273' title='bbox 1163 2648 1254 2673; x_wconf 90' lang='lat' dir='ltr'>esse</span> <span class='ocrx_word' id='word_1_274' title='bbox 1277 2635 1470 2685; x_wconf 89' lang='lat' dir='ltr'>potitum,</span> <span class='ocrx_word' id='word_1_275' title='bbox 1496 2634 1611 2684; x_wconf 87' lang='lat' dir='ltr'>quod</span> <span class='ocrx_word' id='word_1_276' title='bbox 1633 2633 1746 2680; x_wconf 90' lang='lat' dir='ltr'>olim,</span> 
     </span>
     <span class='ocr_line' id='line_1_35' title="bbox 176 2704 1745 2757; baseline -0.002 -12"><span class='ocrx_word' id='word_1_277' title='bbox 176 2708 312 2746; x_wconf 80' lang='lat' dir='ltr'>adhuc</span> <span class='ocrx_word' id='word_1_278' title='bbox 344 2708 601 2753; x_wconf 88' lang='lat' dir='ltr'>adolescens,</span> <span class='ocrx_word' id='word_1_279' title='bbox 637 2706 777 2745; x_wconf 91' lang='lat' dir='ltr'>animo</span> <span class='ocrx_word' id='word_1_280' title='bbox 810 2714 1071 2757; x_wconf 84' lang='lat' dir='ltr'>conceperat,</span> <span class='ocrx_word' id='word_1_281' title='bbox 1097 2719 1225 2756; x_wconf 88' lang='lat' dir='ltr'>quum</span> <span class='ocrx_word' id='word_1_282' title='bbox 1260 2704 1454 2744; x_wconf 89' lang='lat' dir='ltr'>videlicet</span> <span class='ocrx_word' id='word_1_283' title='bbox 1486 2704 1745 2743; x_wconf 86' lang='lat' dir='ltr'>Fridericum</span> 
     </span>
     <span class='ocr_line' id='line_1_36' title="bbox 178 2774 1747 2823; baseline -0.002 -8"><span class='ocrx_word' id='word_1_284' title='bbox 178 2776 463 2823; x_wconf 87' lang='lat' dir='ltr'>Torniellium‚</span> <span class='ocrx_word' id='word_1_285' title='bbox 499 2776 721 2816; x_wconf 83' lang='lat' dir='ltr'>Societatis</span> <span class='ocrx_word' id='word_1_286' title='bbox 754 2785 923 2815; x_wconf 83' lang='lat' dir='ltr'>nostrae</span> <span class='ocrx_word' id='word_1_287' title='bbox 956 2776 1143 2815; x_wconf 85' lang='lat' dir='ltr'>sodalem</span> <span class='ocrx_word' id='word_1_288' title='bbox 1176 2774 1485 2814; x_wconf 88' lang='lat' dir='ltr'>sanctissimum</span> <span class='ocrx_word' id='word_1_289' title='bbox 1519 2783 1559 2813; x_wconf 92' lang='lat' dir='ltr'>et</span> <span class='ocrx_word' id='word_1_290' title='bbox 1582 2774 1747 2812; x_wconf 84' lang='lat' dir='ltr'>divinae</span> 
     </span>
     <span class='ocr_line' id='line_1_37' title="bbox 178 2845 1748 2898; baseline -0.001 -13"><span class='ocrx_word' id='word_1_291' title='bbox 178 2847 335 2898; x_wconf 69' lang='lat' dir='ltr'>gloriae</span> <span class='ocrx_word' id='word_1_292' title='bbox 368 2847 735 2894; x_wconf 87' lang='lat' dir='ltr'>studiosissimum,</span> <span class='ocrx_word' id='word_1_293' title='bbox 772 2847 811 2885; x_wconf 90' lang='grc'>111</span> <span class='ocrx_word' id='word_1_294' title='bbox 845 2846 972 2886; x_wconf 89' lang='lat' dir='ltr'>sacris</span> <span class='ocrx_word' id='word_1_295' title='bbox 1005 2845 1343 2897; x_wconf 84' lang='lat' dir='ltr'>expeditionibus</span> <span class='ocrx_word' id='word_1_296' title='bbox 1365 2846 1478 2896; x_wconf 89' lang='lat' dir='ltr'>apud</span> <span class='ocrx_word' id='word_1_297' title='bbox 1511 2845 1666 2884; x_wconf 84' lang='lat' dir='ltr'>Sardos</span> <span class='ocrx_word' id='word_1_298' title='bbox 1688 2858 1748 2883; x_wconf 88' lang='lat' dir='ltr'>se-</span> 
     </span>
     <span class='ocr_line' id='line_1_38' title="bbox 179 2914 1749 2968; baseline -0.002 -13"><span class='ocrx_word' id='word_1_299' title='bbox 179 2926 310 2959; x_wconf 77' lang='lat' dir='ltr'>cutus,</span> <span class='ocrx_word' id='word_1_300' title='bbox 345 2917 519 2968; x_wconf 84' lang='lat' dir='ltr'>eiusque</span> <span class='ocrx_word' id='word_1_301' title='bbox 552 2918 746 2956; x_wconf 80' lang='lat' dir='ltr'>ardorem</span> <span class='ocrx_word' id='word_1_302' title='bbox 796 2926 921 2968; x_wconf 85' lang='lat' dir='ltr'>atque</span> <span class='ocrx_word' id='word_1_303' title='bbox 955 2917 1188 2955; x_wconf 90' lang='lat' dir='ltr'>uberrimos</span> <span class='ocrx_word' id='word_1_304' title='bbox 1225 2916 1393 2967; x_wconf 87' lang='lat' dir='ltr'>pietatis</span> <span class='ocrx_word' id='word_1_305' title='bbox 1431 2916 1587 2954; x_wconf 78' lang='lat' dir='ltr'>fructus</span> <span class='ocrx_word' id='word_1_306' title='bbox 1620 2914 1749 2953; x_wconf 88' lang='lat' dir='ltr'>admi-</span> 
     </span>
    </p>
   </div>
  </div>
 </body>
</html>
