1926 3200
863 238 1094 264 -22-

198 334 545 381 benevolentiam,
589 333 976 384 liberalitatemque,
1022 347 1145 372 nemo
1189 347 1295 372 unus
1333 341 1569 384 suspectam
1603 334 1763 374 habuit.

200 405 368 456 Quippe
401 418 547 444 omnes
579 405 816 451 censebant,
852 418 987 455 neque
1021 404 1063 443 id
1097 404 1292 444 Carolum
1331 405 1551 444 Albertum
1595 406 1760 451 latebat,

199 476 415 516 Grassium
449 476 489 514 in
523 475 781 527 gravissimis
814 475 1124 521 controversiis,
1165 489 1271 527 quae
1314 476 1420 514 inter
1454 476 1654 515 Carolum
1689 476 1722 514 F
1726 490 1765 514 e·

197 547 317 586 licem
351 556 391 586 et
425 547 621 586 Carolum
655 547 875 586 Albertum
920 546 1249 593 intercesserant,
1294 546 1334 585 in
1377 555 1567 586 neutram
1601 555 1762 598 partem

199 632 242 658 se
276 618 470 658 movisse.
506 619 619 669 Quin
652 618 776 657 etiam
810 632 953 657 rumor
990 627 1318 669 permanaverat,
1363 619 1479 670 quod
1512 626 1658 661 postea
1690 632 1767 669 per

200 698 336 729 certos
369 698 560 729 auctores
593 698 655 728 est
688 697 962 740 compertum,
989 689 1185 728 Carolum
1210 689 1390 728 Felicem
1424 704 1447 728 a
1480 689 1652 729 Grassio
1676 703 1766 728 sen-

199 760 372 800 tentiam
406 769 556 812 rogato
589 761 832 800 deterritum
856 774 959 805 esse,
985 774 1036 799 ne
1059 760 1099 798 in
1123 760 1319 799 Carolum
1348 761 1570 799 Albertum
1594 759 1768 811 gravius

201 832 562 878 animadverteret,
598 840 643 871 ut
680 832 842 871 futurae
890 831 1009 883 regni
1056 831 1268 871 stabilitati
1316 832 1553 870 consultum
1587 831 1663 870 iret
1686 833 1764 882 (8).

201 904 320 954 Quae
354 903 494 942 omnia
526 903 648 942 nobis
671 911 787 942 erant
810 902 1067 955 attingenda,
1092 911 1137 942 ut
1166 902 1323 942 Grassii
1347 902 1487 954 elogio
1511 916 1584 941 sua
1606 910 1767 941 extaret

202 973 432 1025 integritas.

293 1045 429 1084 Pridie
476 1059 608 1084 nonas
657 1044 789 1083 iunias
842 1044 930 1083 eius
973 1043 1091 1091 anni,
1136 1058 1220 1095 quo
1264 1043 1503 1095 provinciae
1540 1043 1767 1083 taurinensi

201 1130 391 1168 praeesse
434 1124 641 1167 coeperat,
677 1116 885 1162 Grassius,
921 1115 1035 1166 quod
1068 1114 1224 1154 Mariae
1258 1114 1506 1161 Christinae,
1548 1114 1607 1153 uti
1640 1128 1766 1165 supra

200 1187 438 1234 docuimus,
473 1202 496 1226 a
528 1186 859 1226 confessionibus
902 1195 1007 1232 erat,
1049 1200 1224 1237 eamque
1266 1186 1383 1237 sequi
1427 1186 1623 1232 debebat,
1673 1199 1766 1236 pro-

200 1258 358 1297 vinciae
390 1258 578 1310 regimen
614 1259 656 1297 P.
693 1257 859 1297 Caesari
895 1256 1107 1296 Polidorio
1140 1257 1337 1308 perusino
1376 1256 1517 1302 cessit,
1562 1270 1608 1295 ac
1650 1256 1767 1295 brevi

201 1338 296 1380 post
329 1338 518 1380 tempore
567 1329 801 1380 Neapolim,
843 1343 927 1380 quo
975 1328 1120 1367 eadem
1169 1328 1313 1379 regina
1345 1342 1388 1367 se
1421 1328 1666 1374 contulerat,
1703 1335 1767 1366 est

201 1401 430 1452 profectus;
466 1400 605 1452 ibique
639 1400 867 1440 Convictus
901 1399 1115 1438 Nobilium
1149 1408 1284 1438 rector
1316 1408 1378 1438 est
1410 1399 1661 1438 constitutus
1686 1401 1763 1447 (92).

202 1472 361 1511 Eadem
394 1472 447 1510 de
480 1486 614 1517 causa,
639 1485 748 1510 anno
777 1482 1086 1517 MDCCCXXXII,
1121 1470 1364 1517 Taurinum,
1402 1469 1631 1509 incredibili
1655 1469 1769 1520 regis

200 1552 241 1582 et
273 1543 425 1581 civium
458 1542 625 1589 laetitia,
662 1556 877 1594 regressus
909 1550 983 1588 est,
1019 1550 1060 1580 et
1093 1541 1327 1593 Collegium
1367 1542 1617 1580 Sanctorum
1661 1541 1769 1578 Mar-

202 1623 340 1665 tyrum
374 1614 533 1665 primus
581 1613 768 1653 omnium
802 1628 825 1652 a
857 1613 1047 1652 restituta
1089 1613 1297 1652 Societate
1336 1612 1600 1664 gubernavit.
1637 1611 1768 1663 Quin·

202 1685 430 1737 quennium
464 1686 539 1724 hac
573 1685 612 1723 in
647 1685 748 1723 urbe
782 1692 843 1723 est
874 1692 1076 1731 moratus;
1111 1692 1236 1735 atque
1270 1683 1328 1722 uti
1362 1691 1493 1729 antea,
1520 1683 1576 1722 ita
1607 1690 1768 1734 postea,

201 1765 289 1796 tum
323 1756 487 1803 nostris,
523 1765 611 1795 tum
645 1756 800 1802 alienis,
836 1755 1017 1794 maximo
1055 1755 1131 1794 fuit
1173 1754 1395 1806 praesidio,
1433 1763 1474 1794 et
1506 1762 1767 1793 ornamento.

203 1827 364 1866 Aloisio
397 1841 419 1865 e
451 1827 760 1866 marchionibus
785 1826 1038 1873 Fransoniis,
1064 1826 1386 1865 Taurinensium
1420 1825 1767 1876 Archiepiscopo,

201 1898 523 1937 iucundissimus
556 1898 702 1943 extitit,
738 1906 778 1936 et
810 1899 862 1936 ab
885 1912 935 1936 eo
965 1897 1164 1936 librorum
1198 1897 1456 1935 edendorum
1490 1896 1684 1947 cognitor
1706 1904 1770 1934 est

202 1970 478 2009 renunciatus.
516 1969 626 2008 Hinc
660 1969 808 2008 iterum
842 1969 1076 2020 Neapolim,
1111 1968 1207 2007 dein
1242 1969 1422 2007 Romam
1458 1967 1593 2013 venit:
1630 1967 1769 2017 ibique

202 2041 379 2092 Collegii
413 2040 558 2079 urbani
592 2055 614 2079 a
649 2041 928 2092 Propaganda
977 2039 1081 2078 Fide
1129 2048 1264 2078 rector
1305 2047 1367 2077 est
1408 2038 1557 2077 iussus.
1594 2037 1770 2076 Biennio

200 2113 354 2163 elapso,
389 2126 498 2151 anno
531 2111 724 2150 videlicet
758 2123 1030 2155 MDCCCXLH,
1076 2125 1098 2149 a
1130 2111 1251 2149 Patre
1285 2109 1532 2160 Praeposito
1575 2108 1768 2148 Generali

203 2183 242 2221 in
276 2183 413 2222 locum
464 2183 507 2221 P.
549 2182 757 2221 Vincentii
808 2182 976 2220 Pavanii
1010 2181 1094 2220 vita
1132 2181 1260 2220 functi
1293 2189 1355 2220 est
1387 2179 1606 2226 suffectus3
1641 2188 1769 2230 atque

202 2255 257 2294 ita
306 2255 448 2294 Italiae
495 2256 719 2299 Assio-telas,
769 2254 839 2305 qui
888 2254 1031 2293 titulus
1079 2268 1101 2292 a
1149 2266 1346 2304 supremo
1395 2251 1584 2302 proxime
1634 2251 1764 2297 abest,

201 2335 362 2365 creatus
395 2334 469 2364 est.
506 2326 647 2376 Quum
681 2334 815 2364 aetate
849 2325 929 2364 iam
963 2325 1260 2370 consenuisset,
1296 2332 1337 2362 et
1366 2324 1420 2362 ob
1454 2322 1596 2361 civiles
1630 2330 1771 2360 motus

202 2397 296 2436 anni
331 2408 653 2441 MDCCCXLVHI,
689 2404 729 2435 et
762 2395 1030 2447 insequentis,
1068 2409 1131 2433 res
1165 2402 1331 2433 nostrae
1360 2393 1581 2432 Societatis
1616 2400 1656 2431 et
1692 2393 1767 2431 Ec-

201 2468 348 2507 clesiae
382 2467 598 2505 universae
631 2468 844 2518 perculsae
877 2466 1103 2505 admodum
1137 2465 1328 2511 iacerent,
1354 2478 1437 2503 non
1472 2463 1608 2502 minus
1640 2463 1767 2501 animi

203 2540 347 2578 dolore
391 2547 535 2585 tactus,
580 2552 705 2589 quam
748 2538 934 2589 corporis
978 2537 1125 2575 morbo
1157 2544 1386 2586 correptus,
1423 2535 1551 2574 vitam
1586 2534 1769 2577 explevit

204 2611 376 2656 Romae,
411 2623 542 2648 annos
575 2618 696 2648 natus
729 2608 996 2660 septuaginta
1029 2616 1240 2658 quattuor.

294 2680 393 2719 Eius
427 2680 543 2719 obitu
591 2679 805 2731 provincia
854 2678 1102 2718 taurinensis
1150 2691 1271 2716 suum
1319 2677 1459 2715 lumen
1495 2675 1769 2727 praecipuum

208 2751 477 2796 exstinctum,
512 2760 553 2789 et
600 2751 790 2789 columen
840 2748 1122 2788 firmissimum
1156 2749 1399 2798 ademptum
1436 2747 1628 2786 indoluit.
1664 2747 1771 2784 Tan-

204 2831 288 2861 tam
342 2821 450 2860 enim
499 2821 663 2860 virtutis
711 2820 1117 2860 commendationem
1167 2819 1278 2870 apud
1327 2832 1473 2857 omnes
1522 2825 1771 2856 consecutus

206 2901 304 2937 erat,
330 2901 375 2931 ut
398 2892 437 2930 in
461 2893 697 2943 exemplum
721 2892 933 2931 sodalibus
956 2898 1273 2942 proponeretur.
1300 2889 1539 2934 Enimvero,
1566 2889 1609 2927 Ρ.
1635 2887 1771 2925 Thad-
