1926 3200
280 326 385 358 Haec
423 324 579 368 quidem
617 323 746 358 omnia
771 334 792 356 a
819 322 1052 356 Carminatio
1091 322 1269 364 evulgata
1309 322 1496 364 Iosephus
1533 320 1770 354 Melandrius

204 384 487 418 accuratissime
506 388 692 417 recenset.
712 382 764 415 At
779 381 1130 424 Sommervogelius
1150 381 1186 414 in
1205 391 1322 423 opere
1340 380 1445 423 qnod
1464 380 1701 413 inscribitur:
1726 399 1767 404 —

204 443 457 486 Bibliotlze'que
482 443 526 476 de
551 443 587 475 la
617 441 842 485 Compaguie
879 441 923 474 de
953 441 1067 482 Je'sus
1106 460 1149 465 —
1177 440 1270 473 haec
1304 439 1376 473 alia
1409 439 1535 472 eidem
1570 439 1765 473 attribuit:

278 522 337 547 21⁴¹
366 513 616 556 Prefiizione,·
644 532 686 537 —
713 522 759 545 en
787 514 864 545 tete
883 511 1002 544 d’une
1026 510 1170 544 edition
1190 510 1259 544 de:
1290 510 1436 543 L'Atto
1454 509 1495 542 di
1514 509 1766 543 Contrisione.

202 575 362 613 Torino,
393 572 574 611 Marietti,
606 574 709 613 1841.

278 640 339 678 22¹¹
366 643 632 678 Osservazioni
660 653 773 685 sopra
801 653 849 675 un
887 642 1045 675 articolo
1083 641 1145 674 del
1172 641 1311 683 Signor
1341 641 1493 680 Prusca,
1522 640 1679 673 inserito
1706 639 1767 673 nel

212 704 345 748 Vaglio
372 715 409 737 n.
440 715 481 745 23
510 702 705 736 dell'anno
734 702 762 735 Ι.
792 702 832 734 S.
860 701 884 735 1.
913 706 950 734 et
977 712 1027 740 a.,
1057 702 1109 740 80,
1138 711 1203 742 pp.
1233 701 1267 733 S.

276 764 318 796 In
345 763 468 805 capite
495 762 608 795 huius
634 761 782 803 opellae
808 760 902 793 haec
928 759 1128 802 leguntur:
1158 779 1201 783 —
1230 759 1400 792 Estratto
1418 758 1478 791 dal
1507 757 1593 791 Vol.
1623 758 1675 790 XI
1704 756 1766 790 del

204 823 468 865 Propagatore
494 820 673 863 religioso
702 819 874 863 (Torino,
903 829 1038 861 presso
1064 817 1302 851 Alessandro
1331 817 1515 860 Paravia).

274 891 506 926 Carminatio
531 891 609 924 vita
635 890 779 930 functo,
808 890 901 922 haec
928 889 964 922 in
992 888 1116 922 lucem
1143 892 1232 921 sunt
1258 887 1383 921 edita:

274 957 333 994 230
360 951 502 984 [esaiae
531 949 742 983 Carminati
777 959 797 982 e
833 949 917 981 Soc.
959 948 1044 981 Iesu
1075 947 1252 981 Carmina
1277 948 1314 980 et
1338 946 1609 989 Inscriptioues
1647 944 1769 978 edidit

200 1011 378 1053 Iosephus
414 1008 652 1042 Illelaudrius
689 1018 743 1041 ex
779 1007 908 1040 eadem
944 1007 1028 1040 Soc.
1069 1007 1229 1045 Romae,
1269 1016 1315 1039 ex
1346 1005 1620 1048 Typographia
1658 1003 1764 1046 Poly-

201 1070 321 1112 glotta
346 1069 386 1102 S.
416 1069 458 1101 C.
487 1067 535 1101 de
565 1066 816 1110 Propaganda
843 1065 950 1100 Fide.
980 1074 1274 1099 MDCCCLXXVIH
1303 1065 1382 1108 (pp.
1413 1066 1479 1097 208
1506 1063 1542 1097 in
1571 1064 1639 1106 8⁰).

272 1129 379 1162 Haec
404 1127 571 1161 carmina
597 1126 695 1160 adeo
721 1126 923 1165 excellunt,
953 1130 994 1158 ut
1021 1136 1042 1158 a
1067 1124 1158 1158 viris
1184 1123 1362 1158 litteratis
1401 1123 1449 1157 ad
1485 1129 1658 1157 veterum
1684 1122 1766 1155 lati·

199 1198 335 1221 norum
362 1191 561 1230 poetarum
588 1185 741 1219 laudem
767 1184 949 1218 accedere
975 1183 1254 1217 existimentur.
1277 1182 1549 1225 Inscriptiones
1575 1192 1667 1215 vero
1686 1192 1764 1214 non

199 1246 355 1280 minoris
381 1251 470 1279 sunt
496 1244 694 1279 momenti.
731 1243 935 1286 Egregiam
962 1242 1186 1282 admodum,
1223 1247 1305 1275 tum
1331 1241 1556 1281 carminum,
1584 1245 1665 1274 tum
1710 1240 1764 1273 in-

197 1305 446 1348 scriptionum
473 1303 693 1338 Carminatii
720 1302 983 1337 recensionem
1010 1302 1129 1335 habes
1156 1301 1192 1334 in
1220 1300 1545 1344 ephemeridibus,
1575 1300 1714 1343 quibus
1741 1310 1761 1332 a

202 1364 389 1398 Civilitate
419 1363 607 1397 Catliolica
638 1363 679 1396 fit
705 1373 846 1396 nomen
867 1362 931 1405 (5).
960 1360 1219 1394 Nihilominus
1254 1360 1388 1399 fateor,
1421 1359 1697 1392 Carminatium
1724 1358 1761 1391 in

197 1435 243 1458 eo
269 1435 345 1458 non
373 1434 458 1456 esse
483 1421 733 1461 laudandum,
753 1420 858 1464 quod
886 1420 1024 1454 Catulli
1050 1419 1179 1453 stilum
1198 1419 1235 1452 in
1254 1419 1387 1461 elegiis
1414 1418 1526 1452 nimis
1553 1428 1685 1460 presse
1703 1428 1763 1451 se-

196 1488 320 1521 cutus,
360 1482 471 1522 vatis,
511 1480 733 1523 ceteroquin
772 1479 1048 1519 venustissimi,
1088 1489 1166 1512 non
1193 1477 1311 1512 modo
1336 1477 1511 1518 virtutes,
1540 1477 1609 1510 sed
1643 1476 1761 1510 etiam

197 1541 287 1574 vitia
305 1546 363 1574 est
381 1545 562 1579 sectatus,
583 1544 620 1573 et
640 1538 900 1582 mythologiae
918 1537 1147 1571 commentis
1163 1537 1200 1570 in
1215 1536 1329 1570 rebus
1349 1536 1465 1569 sacris
1484 1535 1655 1569 indulsit.
1673 1535 1761 1568 Car-

196 1600 362 1633 minibus
388 1604 425 1633 et
452 1598 764 1641 inscriptionibus
791 1596 1027 1631 Melandrius
1046 1596 1115 1629 has
1135 1595 1356 1629 Carminatii
1375 1595 1534 1638 opellas,
1554 1594 1613 1628 vel
1633 1604 1764 1627 earum

196 1658 392 1701 prooemia
418 1657 570 1698 adiecit,
599 1656 838 1699 Appendicis
866 1656 1008 1690 instar:

288 1718 323 1761 a)
355 1717 487 1751 Oratio
512 1717 539 1750 I
557 1718 618 1750 De
637 1715 793 1759 pietatis
818 1727 902 1749 cum
928 1715 1069 1749 litteris
1094 1713 1377 1757 coniungendae
1402 1713 1540 1747 studio.

289 1777 326 1818 b)
359 1776 491 1810 Oratio
517 1776 565 1809 II
584 1777 645 1808 De
669 1775 790 1808 veteri
813 1774 970 1808 docendi
995 1774 1155 1807 ratione.

289 1836 321 1877 c)
350 1836 416 1869 Ad
440 1837 628 1869 lectorem.
658 1836 719 1868 De
743 1834 906 1876 Aesopo,
934 1833 1049 1876 deque
1074 1833 1289 1866 Auctorum
1328 1833 1562 1866 Graecorum
1592 1831 1750 1864 delectu.

287 1895 326 1936 d)
353 1895 390 1928 A
395 1895 420 1928 d
425 1896 613 1928 lectorem.
625 1895 685 1927 De
693 1894 835 1927 delectu
844 1893 1178 1936 Epigrammatum
1188 1903 1242 1925 ex
1253 1891 1490 1934 Antlzolog‘ia
1503 1892 1755 1924 Graecorum.

291 1955 326 1995 e)
354 1953 515 1986 Luciaai
543 1952 733 1995 Colloquia
760 1952 863 1985 XVI
881 1953 1029 1985 selecta.
1059 1950 1301 1984 Prooemium
1335 1949 1386 1983 ad
1410 1950 1599 1983 lectorem.

292 2013 322 2055 f)
349 2012 503 2045 Ioannis
529 2011 724 2054 Baptistae
750 2012 876 2044 Faure
893 2021 912 2044 e
937 2010 1123 2043 Societate
1140 2010 1225 2043 Iesu
1243 2008 1492 2042 dubitationes
1510 2007 1756 2050 theologicae.

196 2071 337 2105 Editor
361 2071 506 2105 lectori.

290 2131 329 2174 g)
356 2130 535 2163 Andreae
561 2128 792 2171 Hieronymi
815 2127 1036 2161 Andreucci
1059 2138 1078 2161 e
1103 2127 1287 2160 Societate
1312 2127 1398 2160 Iesu
1429 2125 1633 2168 disputatio
1661 2125 1763 2158 tlzeo·

194 2189 318 2233 logica
345 2189 389 2223 de
414 2189 604 2223 recidivis.
633 2189 775 2222 Editor
799 2187 944 2221 lectori.

289 2249 327 2289 h)
355 2248 487 2283 Sancti
534 2249 570 2281 T
566 2249 697 2281 lzomae
738 2247 943 2290 Aquinatis
994 2246 1241 2289 Tlieologz'cae
1282 2246 1458 2278 Summae
1503 2243 1762 2286 compendium

193 2311 347 2342 auctore
372 2309 488 2342 Petro
513 2308 694 2351 Alagma
720 2308 760 2340 S.
788 2308 820 2340 I.
849 2306 991 2340 Editor
1017 2305 1246 2339 taurinensis
1272 2304 1416 2337 lectori.

286 2368 316 2411 i)
345 2367 455 2401 Petri
482 2367 616 2401 Claver
640 2366 842 2400 novensilis
868 2365 980 2398 Beati
1003 2364 1183 2407 elogium.

267 2427 352 2460 Hoc
369 2426 551 2469 elogium,
573 2425 753 2459 trifariam
772 2425 967 2467 partitum,
985 2425 1082 2458 inter
1097 2423 1266 2466 psalmos
1280 2422 1488 2456 matutinos
1503 2421 1758 2461 recitandum,

194 2497 215 2519 a
241 2485 475 2519 Carminatio
500 2489 559 2518 est
585 2484 857 2527 compositum,
885 2484 1024 2516 Sacrae
1052 2482 1246 2524 Liturgiae
1272 2480 1530 2515 exornandae.

266 2561 326 2597 240
354 2555 600 2598 Epigrammi
628 2554 877 2588 CLXXVIII
895 2553 1003 2587 scelti
1031 2552 1338 2595 dall'Antologia
1369 2553 1500 2588 Greca,
1535 2549 1696 2583 tradotti
1720 2549 1760 2582 iu

193 2625 302 2648 verso
328 2614 446 2647 latino
473 2614 539 2647 dal
561 2615 607 2647 P.
636 2613 737 2647 Isaia
767 2612 980 2647 Carminati
1003 2612 1039 2645 d.
1073 2612 1111 2645 C.
1141 2611 1177 2645 d.
1210 2612 1272 2651 G„
1294 2609 1503 2654 pubblicati
1530 2620 1549 2643 e
1579 2618 1762 2642 sommen-

197 2674 269 2707 tati
292 2673 360 2707 dal
382 2674 427 2707 P.
460 2673 644 2716 Giuseppe
669 2672 865 2706 Melandri
892 2672 928 2706 d.
962 2683 1011 2705 m.
1045 2672 1083 2705 C.
1120 2672 1256 2711 Roma,
1297 2669 1518 2712 Tipografia
1559 2667 1762 2710 Poliglotta

190 2732 290 2766 della
315 2733 355 2766 S.
384 2732 427 2766 C.
456 2732 494 2765 di
521 2732 776 2775 Propagauda
803 2731 906 2768 Fide,
943 2732 1031 2764 1888
1060 2731 1113 2774 (40
1141 2741 1206 2772 pp.
1238 2730 1335 2771 246).

264 2808 324 2844 250
350 2803 474 2836 Isaiae
505 2802 717 2835 Carmz'uati
739 2802 779 2835 S.
808 2801 840 2835 J.
869 2801 1105 2834 Auditorum
1146 2799 1405 2833 Clzeriensium
1446 2797 1624 2831 Carmina
1650 2806 1762 2829 sacra

188 2861 310 2895 edidit
335 2862 516 2895 Salvator
546 2860 829 2904 Casagrandius
866 2871 919 2893 cx
957 2859 1085 2893 cadem
1123 2859 1320 2892 Societate.
1362 2857 1525 2891 Excudit
1560 2856 1763 2898 Augustae

1674 2944 1689 2968 3
