1926 3200
843 259 1076 305 -55—

170 360 294 403 tinus,
331 360 393 398 vir
426 361 533 399 fama
567 361 824 409 notissimus,
860 371 901 402 et
936 363 975 401 in
1011 363 1129 413 regio
1162 363 1367 402 athenaeo
1402 365 1629 403 taurinensi
1662 365 1742 404 elo-

172 431 367 481 quentiae
401 432 627 471 tradendae
660 433 810 472 doctor
843 434 1076 479 decurialis,
1117 434 1240 473 finem
1274 435 1639 486 praeceptionibus
1673 436 1742 474 im-

172 502 403 552 positurus,
439 503 655 554 discipulis
690 504 848 544 intenta
887 520 959 544 ora
993 506 1249 544 tenentibus:
1287 522 1307 543 «
1333 506 1566 557 Accepistis
1600 508 1740 553 modo,

171 573 318 624 inquit,
354 588 461 625 quae
494 576 641 626 optimi
675 576 878 628 cuiusque
912 577 1091 616 oratoris
1124 577 1206 616 sint
1238 587 1390 628 partes.
1417 578 1641 629 Reliquum
1665 589 1739 623 est,

170 653 214 684 ut
248 646 503 697 Sagrinium,
539 661 608 685 eas
642 661 788 687 omnes
812 648 852 686 in
876 649 1037 699 templo
1061 649 1310 688 Sanctorum
1336 650 1569 700 Martyrum
1603 664 1742 689 cumu-

170 716 250 755 late
299 717 548 768 explentem,
599 719 859 758 conveniatis
907 720 1096 758 auditum
1124 734 1159 758 ».
1211 720 1374 771 Hisque
1422 720 1554 767 dictis,
1589 735 1611 759 e
1643 722 1742 760 ludo

168 788 379 827 discessit.

261 860 386 897 Anno
421 871 746 905 MDCCCXLVHI,
797 861 852 899 ob
902 875 1099 912 magnam
1149 862 1259 900 illam
1308 863 1599 909 calamitatem,
1635 877 1742 914 quae

171 938 358 969 nostram
394 931 648 970 Societatem
683 932 723 970 in
767 932 1008 983 Subalpinis
1053 933 1218 984 penitus
1262 934 1478 980 subvertit,
1524 934 1741 985 Sagrinius

170 1001 321 1040 Genua
353 1002 578 1052 profectus,
611 1002 791 1053 primum
818 1003 1032 1042 Bononiae
1055 1004 1167 1055 apud
1191 1004 1359 1049 amicos,
1385 1005 1481 1044 dein
1506 1005 1741 1044 Florentiae

169 1072 284 1122 apud
317 1081 487 1123 gentem
527 1072 848 1117 Ricasolianam‚
890 1074 1061 1125 antiqua
1099 1075 1314 1114 nobilitate
1352 1085 1391 1114 et
1430 1075 1632 1127 religione
1666 1077 1741 1115 cla-

172 1142 392 1188 rissimam,
428 1143 588 1194 aliquot
623 1159 786 1183 menses
819 1145 996 1184 delituit.
1034 1146 1183 1185 Postea
1217 1146 1256 1184 in
1292 1146 1528 1186 Helvetiam
1573 1161 1616 1186 se
1649 1162 1740 1198 pro-

174 1213 320 1264 ripuit.
358 1215 502 1253 Rebus
537 1215 576 1253 in
612 1216 729 1254 ltalia
762 1230 1028 1267 quacumque
1072 1217 1242 1256 demum
1284 1217 1442 1256 ratione
1485 1219 1740 1269 compositis,

171 1285 347 1331 Romae,
383 1286 423 1323 in
456 1286 558 1324 aede
592 1287 686 1325 Iesu
721 1287 892 1326 Nomini
930 1287 1077 1331 dicata,
1118 1288 1383 1327 christianam
1423 1289 1587 1339 plebem
1621 1290 1738 1328 statis

169 1356 443 1395 concionibus
476 1357 641 1396 erudire
673 1358 824 1409 coepit.
862 1358 1026 1398 Deinde
1059 1373 1133 1410 per
1156 1359 1278 1403 vices,
1306 1360 1503 1403 Mutinae,
1539 1361 1736 1404 Venetiis,

172 1428 376 1474 Veronae,
413 1428 653 1475 Mediolani,
705 1429 867 1475 Indum,
918 1431 1082 1469 Bastiae
1127 1430 1166 1469 in
1211 1430 1392 1477 Corsica,
1428 1440 1468 1470 et
1501 1432 1737 1471 Florentiae

169 1499 379 1546 constitit:
415 1508 540 1551 atque
574 1501 613 1538 in
648 1501 723 1547 his,
758 1501 932 1552 aliisque
966 1502 1199 1552 praecipuis
1234 1503 1376 1541 Italiae
1405 1503 1588 1549 urbibus,
1613 1504 1738 1542 verba

170 1584 192 1609 e
227 1579 433 1622 suggestu
466 1572 518 1610 ad
552 1573 755 1622 populum
789 1572 959 1619 habens,
996 1573 1149 1624 ubique
1182 1574 1420 1612 auditorum
1464 1574 1624 1613 animos
1657 1589 1738 1613 ma-

169 1655 358 1692 gnopere
392 1643 633 1682 commovit.
665 1643 733 1681 Ad
758 1643 950 1682 ultimum
984 1644 1222 1695 Augustam
1257 1644 1535 1683 Taurinorum
1569 1659 1613 1683 se
1645 1659 1738 1684 con-

169 1712 262 1751 tulit
296 1712 336 1751 in
370 1713 542 1752 domum
576 1713 791 1753 cuiusdam
840 1714 992 1765 equitis
1038 1715 1288 1757 Mauritiani.
1339 1715 1507 1766 quicum
1556 1725 1643 1755 erat
1684 1717 1737 1755 fa-

170 1783 383 1822 miliariter
431 1784 690 1831 coniunctus,
741 1793 784 1824 ut
832 1785 982 1824 exinde
1017 1785 1207 1824 Cuneum
1251 1799 1325 1836 per
1359 1786 1735 1837 quadragenarium

169 1853 368 1892 ieiunium
402 1855 724 1894 concionaturus
757 1857 1041 1895 contenderet.
1068 1857 1123 1895 At
1148 1856 1270 1903 enim,
1295 1871 1423 1907 quum
1458 1856 1497 1895 in
1531 1871 1581 1896 eo
1614 1866 1735 1903 esset,

170 1933 214 1963 ut
246 1926 324 1964 sub
358 1935 522 1965 noctem
546 1927 732 1966 cubitum
757 1927 845 1974 iret,
871 1936 911 1966 et
935 1927 1203 1978 horologium
1228 1942 1249 1966 e
1273 1942 1469 1966 crumena
1506 1937 1734 1968 extractum

165 1997 308 2035 denuo
333 2011 409 2047 pro
433 2011 548 2036 more
583 1998 826 2045 intenderet,
868 1998 1113 2050 apoplexiae
1147 1999 1229 2037 ictu
1263 1999 1490 2050 perculsus,
1522 2009 1735 2040 momento

166 2069 375 2107 occubuit.
411 2070 581 2108 Annum
605 2071 757 2120 agebat
779 2070 926 2109 aetatis
951 2070 1386 2121 undesexagesimum,
1422 2084 1445 2108 a
1479 2071 1653 2110 solemni
1677 2087 1735 2111 re-

166 2139 319 2190 ligiosa
351 2141 612 2191 professione
645 2143 814 2181 tertium
848 2152 889 2182 et
923 2143 1179 2182 vicesimum.

258 2211 364 2250 Cum
400 2212 668 2251 Ferdinando
703 2213 892 2257 Mininio,
935 2214 1155 2253 Societatis
1194 2222 1360 2253 nostrae
1402 2222 1568 2253 oratore
1601 2214 1734 2252 claris-

165 2282 286 2328 simo,
323 2284 394 2334 qui
428 2293 616 2323 vertente
649 2285 815 2323 saeculo
850 2297 945 2330 XIX,
972 2286 1216 2336 praecipuas
1241 2285 1382 2324 Italiae
1416 2286 1539 2324 urbes
1572 2285 1734 2324 concio-

166 2354 306 2392 nando
340 2355 629 2404 perlustrabat,
679 2370 819 2394 sacrae
867 2356 1130 2407 eloquentiae
1177 2356 1456 2407 principatum
1501 2356 1645 2402 tenuit,
1691 2366 1733 2394 ut

165 2433 314 2462 neuter
338 2425 471 2463 neutri
495 2426 723 2464 concedere
742 2426 855 2465 visus
879 2426 944 2465 sit.
971 2427 1159 2477 Uterque
1178 2427 1286 2465 enim
1312 2440 1394 2465 non
1418 2427 1586 2465 auribus
1610 2426 1734 2465 inser-

165 2494 317 2541 viebat,
354 2509 488 2546 neque
522 2497 659 2535 verbis
693 2497 894 2548 speciosa,
921 2512 964 2536 re
989 2497 1125 2536 inania
1147 2498 1358 2548 captabat;
1383 2498 1457 2536 sed
1482 2497 1731 2536 Divinorum

166 2566 403 2610 Librorum,
440 2567 689 2606 Sanctorum
715 2569 897 2611 Patrum,
926 2568 1239 2607 Ecclesiasticae
1258 2568 1454 2607 historiae
1472 2568 1730 2610 auctoritate.

163 2645 205 2675 et
240 2637 446 2676 humanae
480 2638 652 2677 rationis
686 2639 944 2690 argumentis
980 2639 1144 2677 innixus
1178 2653 1263 2677 rem
1308 2647 1439 2677 totam
1473 2639 1730 2677 conficiebat.

163 2708 432 2759 Quamquam
467 2723 566 2747 vero
599 2710 723 2748 ambo
756 2709 918 2749 cunctis
941 2709 1178 2748 civitatibus
1200 2709 1477 2760 acceptissimi
1501 2711 1729 2753 exstabant,

163 2788 302 2817 tamen
337 2779 616 2818 Taurinenses
655 2781 962 2831 Sagri1iio(2),
998 2781 1243 2820 Genuenses
1284 2780 1460 2819 Mininio
1493 2781 1628 2832 magis
1666 2781 1732 2819 de-

162 2850 434 2889 lectabantur.
470 2851 599 2890 Cuius
624 2852 680 2890 rei
704 2866 870 2890 causam
897 2852 935 2890 in
967 2852 1129 2890 Mininii
1153 2852 1293 2902 elogio
1326 2852 1605 2902 opportunius
1629 2852 1731 2889 infra

162 2921 477 2971 explicabimus.
