1926 3200
853 213 1086 248 -Ῑὸ-

271 313 413 364 Quum
448 313 588 365 itaque
621 314 817 354 Grassius
850 314 891 353 in
934 323 1019 354 tam
1061 314 1336 366 longinquam
1380 313 1596 366 regionem
1628 314 1749 353 deve-

178 384 321 431 nisset,
359 385 401 423 Ρ.
438 385 684 424 Franciscus
718 386 872 433 Kareu,
919 394 1085 425 nostrae
1128 385 1349 425 Societatis
1392 385 1581 424 Vicarius
1615 385 1748 424 Gene-

180 455 288 502 ralis,
323 469 373 494 eo
407 455 508 502 viso,
553 456 773 495 confestim
811 457 863 496 ad
904 456 1200 508 Pignatellium
1242 456 1400 495 litteras
1432 455 1560 502 dedit,
1595 455 1747 507 quibus

179 527 232 565 de
265 526 530 566 adolescente
562 526 640 566 sibi
674 527 802 567 misso
825 528 1056 567 admodum
1079 535 1142 566 est
1164 527 1410 579 gratulatus,
1445 527 1559 577 quod
1592 525 1748 565 scilicet

178 596 271 648 ipso
304 597 387 636 oris
421 597 577 644 habitu,
612 598 838 649 vultusque
870 598 1087 645 modestia,
1127 597 1318 650 magistri
1355 597 1529 636 virtutes
1563 597 1744 643 referret,

176 668 250 720 qui
284 683 379 708 eum
404 669 576 708 Colurni
599 670 653 709 ad
676 684 843 709 omnem
868 670 1067 721 pietatem
1092 669 1352 710 instituisset.
1378 669 1574 708 Grassius
1597 668 1746 708 studiis

177 741 389 787 confectis,
424 756 447 780 a
481 742 525 781 P.
560 742 755 782 Gabriele
788 743 965 789 Gruber,
1011 756 1121 781 novo
1164 741 1330 781 Vicario
1364 740 1570 787 Generali,
1607 741 1747 779 Petro-

175 812 306 864 polim
340 822 402 852 est
435 813 671 860 accersitus,
706 822 832 865 atque
855 815 1141 853 Astrakanum
1165 814 1218 852 ad
1252 813 1451 864 Caspium
1485 826 1610 858 mare,
1635 811 1744 858 dein,

177 891 338 922 mutato
352 884 539 931 consilio,
557 884 797 931 Pechinum‚
814 885 853 923 in
868 885 1013 923 urbem
1029 884 1222 924 Sinarum
1236 883 1479 935 principem,
1495 882 1747 922 contendere

174 963 238 993 est
271 954 420 1002 iussus,
456 964 501 995 ut
534 956 687 995 nostris
725 956 952 1003 sodalibus,
999 955 1070 1007 qui
1114 955 1195 995 illic
1232 955 1516 1001 versabantur,
1552 954 1592 992 in
1618 953 1745 993 sacris

173 1026 514 1076 expeditionibus
557 1027 801 1067 adiumento
844 1027 1017 1066 veniret.
1063 1028 1154 1066 Hac
1196 1027 1249 1066 de
1291 1040 1427 1072 causa,
1467 1025 1508 1064 in
1542 1025 1742 1072 Suetiam,

174 1097 396 1148 Angliam,
447 1112 494 1137 ac
542 1098 712 1137 demum
762 1098 1061 1150 Olyssiponem
1110 1098 1150 1136 in
1200 1097 1475 1143 Lusitaniam,
1521 1110 1602 1135 una
1649 1109 1743 1135 cum

177 1167 220 1206 P.
258 1168 470 1207 Norberto
520 1169 726 1215 Korsack‚
776 1169 958 1216 devenit,
1008 1177 1053 1208 ut
1100 1168 1251 1208 exinde
1290 1167 1330 1206 in
1364 1167 1484 1207 Sinas
1522 1166 1741 1206 traiiceret.

174 1239 343 1278 Nullam
378 1239 433 1278 ibi
477 1240 517 1278 in
561 1240 706 1279 Asiam
740 1240 966 1292 navigandi
1000 1239 1358 1292 opportunitatem
1391 1247 1549 1284 nactus,
1585 1238 1625 1275 in
1659 1238 1742 1276 An-

171 1309 313 1361 gliam,
339 1310 435 1349 dein
460 1311 500 1350 in
524 1311 770 1351 Hiberniam
794 1320 857 1351 est
880 1325 1119 1363 regressus;
1145 1311 1310 1362 iamque
1334 1309 1375 1348 in
1398 1323 1447 1348 eo
1477 1317 1575 1355 erat,
1601 1317 1646 1347 ut
1671 1309 1742 1346 Pe-

171 1381 371 1432 tropolim
405 1391 694 1429 reverteretur,
729 1391 771 1422 et
805 1382 1031 1421 Pechinum
1057 1382 1202 1421 itinere
1228 1379 1412 1432 pedestri
1444 1394 1488 1419 se
1521 1379 1738 1419 conferret.

170 1452 229 1491 At
261 1453 371 1491 enim
405 1453 494 1492 eius
527 1455 825 1501 moderatores,
862 1468 905 1493 re
937 1453 1119 1505 cognita,
1154 1467 1249 1492 eum
1284 1452 1324 1490 in
1357 1451 1607 1496 Americam,
1633 1463 1740 1501 quae

169 1523 224 1561 ad
259 1523 513 1575 Aquilonem
537 1525 686 1576 vergit,
712 1539 951 1576 properare,
976 1533 1102 1576 atque
1125 1524 1178 1563 ad
1202 1523 1501 1575 rempublicam
1525 1521 1739 1560 civitatum

168 1594 478 1634 foederatarum
502 1610 650 1634 navem
673 1597 883 1647 appellere
913 1596 1134 1641 iusserunt,
1169 1604 1214 1634 ut
1248 1594 1303 1634 ibi
1336 1593 1484 1633 ceteris
1518 1591 1739 1632 Societatis

169 1675 339 1705 nostrae
372 1667 563 1713 alumnis,
600 1667 640 1705 in
673 1667 904 1706 animarum
939 1667 1072 1706 salute
1095 1666 1370 1718 procuranda,
1404 1664 1592 1703 subsidio
1615 1671 1737 1702 esset,

168 1737 334 1788 Quibus
369 1737 409 1775 in
443 1737 659 1777 itineribus
693 1738 937 1777 sexennium
970 1738 1166 1777 contrivit
1199 1739 1276 1789 (Ι).

261 1808 416 1859 Quum,
451 1823 560 1848 anno
596 1820 798 1855 MDCCCX,
835 1823 884 1848 eo
918 1809 1111 1855 venisset,
1148 1808 1293 1848 Ioanni
1333 1807 1544 1858 Baptistae
1577 1805 1737 1845 Carroll

169 1878 534 1918 Baltimorensium
580 1879 803 1931 Episcopo,
847 1880 1067 1919 Societatis
1102 1881 1195 1919 Iesu
1228 1880 1409 1925 alumno,
1444 1886 1485 1917 et
1517 1877 1664 1916 ceteris
1697 1890 1737 1915 o-

167 1950 336 1989 mnibus
356 1951 527 1990 mirifice
551 1965 594 1990 se
618 1951 823 2002 probavit.
850 1951 933 2003 Qui
959 1951 1194 2002 Episcopus
1217 1964 1312 1989 eum
1335 1950 1388 1988 ad
1411 1948 1630 1988 consilium
1653 1961 1737 1986 sae-

167 2020 338 2071 pissime
371 2021 582 2067 adhibuit;
632 2022 807 2073 sibique,
861 2022 941 2061 iam
991 2022 1114 2061 morti
1162 2021 1367 2073 proximo,
1417 2020 1469 2058 ad
1502 2027 1733 2058 extremum

165 2105 299 2143 usque
332 2093 479 2131 adesse
512 2092 656 2132 voluit.
692 2093 887 2132 Grassius
921 2102 1135 2144 praeterea
1168 2101 1303 2131 rector
1336 2090 1504 2130 maximi
1527 2088 1732 2128 Athenaei

166 2163 531 2215 Georgiopolitani
565 2165 842 2211 renunciatus,
874 2164 1024 2204 studiis
1052 2163 1333 2215 provehendis
1367 2162 1591 2214 plurimum
1626 2160 1734 2199 insu-

164 2235 292 2274 davit.
330 2235 412 2274 Piis
451 2236 690 2275 ministeriis
728 2236 945 2283 obeundis,
988 2235 1233 2287 praesertim
1271 2233 1488 2273 haereticis
1521 2233 1573 2271 ad
1607 2232 1731 2270 fidem

164 2306 413 2345 catholicam
438 2307 696 2354 revocandis,
722 2321 871 2346 navam
895 2321 1067 2358 operam
1090 2306 1242 2358 posuit,
1267 2304 1539 2355 omniumque
1571 2303 1732 2341 animos

165 2375 243 2414 sibi
264 2376 429 2427 penitus
447 2377 648 2416 adiunxit.
671 2378 844 2424 Ibidem,
865 2378 1019 2417 bienno
1037 2377 1191 2428 elapso,
1212 2377 1264 2415 ad
1282 2376 1510 2415 solemnem
1535 2382 1733 2425 quattuor

162 2455 360 2486 votorum
395 2448 697 2499 professionem
731 2458 793 2488 est
826 2457 1006 2495 evectus,
1031 2463 1078 2487 ac
1106 2456 1319 2499 praeterea
1352 2446 1539 2486 omnium
1572 2453 1731 2484 nostro-

163 2532 255 2556 rum
291 2519 511 2565 sodalium,
548 2520 618 2571 qui
653 2519 692 2558 in
726 2519 982 2571 amplissima
1021 2519 1087 2558 illa
1120 2518 1292 2570 regione
1334 2518 1556 2570 degebant,
1592 2518 1731 2557 mode-

163 2597 277 2628 rator
311 2590 447 2629 dictus
480 2599 554 2629 est.

252 2660 423 2711 Septem
472 2675 602 2700 annos
652 2661 692 2700 in
742 2662 935 2701 America
973 2670 1035 2700 est
1067 2670 1367 2704 commoratus,
1403 2660 1603 2708 maxima,
1639 2670 1727 2701 tum

161 2744 346 2777 suorum,
382 2740 470 2770 tum
504 2732 680 2771 aliorum
713 2733 1000 2772 consensione.
1038 2733 1150 2772 Inter
1182 2732 1270 2771 eius
1308 2733 1433 2771 animi
1467 2733 1599 2779 dotes,
1635 2747 1728 2784 pru-

160 2801 303 2840 dentia
335 2810 375 2841 et
405 2802 444 2840 in
479 2803 601 2842 rebus
634 2804 810 2855 agendis
843 2803 1081 2849 dexteritas,
1124 2803 1164 2842 in
1197 2803 1342 2854 primis
1375 2804 1624 2842 eminebant.
1666 2804 1728 2842 In-

161 2872 285 2923 genia
318 2887 364 2911 ac
400 2887 537 2912 mores
571 2874 787 2913 hominum
821 2875 943 2926 plane
966 2874 1135 2926 cognita
1162 2875 1358 2921 habebat;
1393 2884 1433 2914 et
1466 2889 1572 2926 quae
1595 2875 1724 2926 sequi,
