1926 3200
833 217 1067 262 *34-

165 315 475 367 magistrorum,
512 325 552 355 et
585 317 848 356 alumnorum
883 318 1021 356 studia
1045 318 1250 358 deessent.
1278 320 1497 360 Praeterea
1531 323 1583 361 ad
1605 324 1731 363 aedes

164 387 453 426 instaurandas
485 388 669 426 animum
694 389 874 440 appulit:
909 390 1133 428 sacrarium
1157 405 1318 442 organo
1351 393 1522 438 musico,
1548 395 1730 445 pretiosa

165 459 451 510 suppellectile
477 459 671 499 instruxit
693 468 732 499 et
767 461 908 500 Sancti
933 461 1095 500 Claudii
1130 462 1327 513 Martyris
1361 463 1520 503 exuviis
1551 465 1732 517 locuple-

163 530 277 569 tavit.
315 531 515 569 Rationes
558 531 727 569 demum
761 532 847 571 dati
885 540 925 571 et
957 532 1116 584 accepti
1149 533 1436 573 sollertissime
1474 537 1726 586 expendens,

164 615 249 639 rem
293 601 565 640 domesticam
600 602 654 640 ita
687 602 906 647 accuravit,
957 612 1002 642 ut
1050 604 1253 642 aerarium
1303 606 1553 655 provexerit.
1604 608 1729 647 Anno

163 683 430 715 MDCCCLxx,
482 686 565 724 quo
610 673 733 718 Urbs,
783 673 911 712 totius
960 674 1072 713 orbis
1121 675 1311 714 catholici
1360 684 1497 726 caput,
1544 677 1583 715 in
1617 686 1732 728 pote-

161 751 310 782 statem
360 744 470 794 regis
519 744 865 794 Subalpinorum.
919 759 1000 783 una
1052 760 1145 784 cum
1195 745 1383 796 proxima
1431 747 1617 799 regione,
1668 757 1731 788 est

160 815 338 856 redacta,
376 815 513 853 Ponza
546 828 622 853 suo
645 815 835 866 collegio,
861 815 1031 867 suisque
1054 816 1177 855 etiam
1203 818 1428 861 sodalibus.
1454 818 1525 869 qui
1548 818 1588 857 in
1612 820 1727 858 Urbe

159 895 287 928 erant,
313 886 505 938 precibus
529 887 797 938 interpositis
822 901 869 926 ea
888 888 1047 927 ratione
1066 890 1292 940 prospexit,
1314 899 1358 929 ut
1382 890 1421 928 in
1446 899 1559 930 tanta
1587 905 1725 931 rerum

161 958 420 1009 publicarum
463 958 746 1001 subversione.
783 972 854 998 eos
893 960 944 998 ab
988 959 1136 998 iniuria
1180 961 1408 1000 incolumes
1457 963 1724 1013 praestiterit.

161 1029 321 1068 Eodem
356 1029 395 1067 in
429 1029 608 1080 collegio
641 1043 662 1068 e
696 1029 801 1068 vivis
835 1030 1023 1077 excessit,
1058 1045 1212 1070 annum
1246 1047 1376 1084 agens
1410 1034 1719 1085 sexagesimum

157 1109 334 1141 sextum,
370 1114 392 1138 a
426 1099 622 1151 religiosa
655 1100 914 1151 professione
948 1101 1203 1140 tricesimum
1231 1103 1420 1143 alterum.

246 1171 320 1209 Vir
353 1171 429 1210 fuit
476 1171 677 1217 doctrina,
728 1172 949 1222 prudentia
988 1181 1028 1212 et
1066 1173 1268 1224 religione
1302 1174 1480 1213 maxime
1513 1189 1723 1215 commen-

157 1242 332 1281 dandus.
369 1242 469 1280 Eius
503 1242 688 1281 studium
723 1242 763 1280 in
797 1243 1042 1282 catholicam
1066 1243 1311 1295 religionem
1341 1254 1381 1283 et
1404 1259 1592 1285 summos
1617 1247 1722 1285 Pon-

157 1313 286 1352 tifices
335 1313 560 1364 plurimum
609 1313 769 1353 enituit.
821 1314 1059 1360 Enimvero,
1110 1329 1194 1365 quo
1227 1329 1336 1354 anno
1370 1316 1595 1363 Gustavus‚
1631 1317 1719 1356 eius

155 1384 280 1423 frater
312 1393 410 1423 natu
445 1384 588 1428 maior,
614 1384 684 1436 qui
708 1385 975 1435 amplissimis
999 1386 1313 1437 magistratibus
1338 1386 1377 1424 in
1412 1401 1543 1438 regno
1577 1388 1721 1427 Subal-

155 1455 349 1506 pinorum
397 1456 638 1507 perfunctus
687 1465 786 1499 erat,
838 1457 1017 1495 Romam
1066 1457 1191 1501 venit,
1228 1466 1271 1496 ut
1307 1457 1381 1496 Pio
1418 1459 1491 1501 IX,
1529 1459 1719 1498 Pontifici

156 1527 352 1570 Maximo,
378 1528 533 1566 litteras
558 1527 752 1571 traderet,
779 1528 930 1578 quibus
964 1528 1177 1567 Victorius
1210 1529 1455 1568 Emmanuel
1491 1530 1542 1576 II,
1579 1530 1722 1569 Subal-

153 1598 347 1649 pinorum
373 1612 455 1641 rex,
482 1613 565 1649 quo
588 1598 746 1637 facilius
772 1599 884 1637 illam
912 1600 1057 1638 urbem
1092 1599 1131 1637 in
1166 1614 1282 1638 suam
1308 1600 1517 1651 redigeret
1549 1601 1721 1640 servitu-

153 1677 248 1711 tem,
286 1670 530 1709 Pontificem
568 1670 714 1709 dolose
752 1670 1007 1714 hortabatur,
1048 1679 1093 1710 ut
1126 1685 1216 1710 eam
1256 1686 1279 1710 a
1322 1672 1613 1723 perduellibus
1661 1681 1721 1712 tu-

152 1741 321 1779 tandam
356 1741 433 1780 sibi
472 1741 742 1792 permitteret,
790 1742 927 1780 Ponza
968 1742 1019 1780 ab
1062 1743 1163 1781 urbe
1203 1743 1397 1789 Tusculo,
1438 1757 1545 1795 quae
1582 1744 1720 1782 Roma

153 1826 235 1850 non
270 1812 395 1863 longe
427 1813 556 1854 abest.
593 1812 701 1851 illico
735 1822 798 1851 est
834 1826 1043 1864 egressus,
1078 1822 1125 1853 ut
1148 1813 1263 1852 illum
1298 1814 1505 1853 inviseret.
1540 1815 1619 1853 Ast
1651 1815 1721 1854 ubi

153 1884 333 1922 Romam
383 1883 508 1927 venit,
559 1892 599 1922 et
648 1898 670 1922 a
719 1884 843 1923 fratre
893 1884 1094 1924 intellexit
1141 1885 1258 1923 cuius
1306 1885 1464 1936 negotii
1507 1899 1631 1924 causa
1668 1886 1721 1924 ad

150 1954 306 1993 Urbem
331 1968 374 1993 se
397 1955 653 2001 contulisset,
678 1956 795 1994 vultu
819 1955 871 1994 ad
889 1955 1152 1995 severitatem
1183 1956 1430 2007 composito,
1457 1956 1716 2007 gravissimis

150 2026 285 2064 verbis
319 2040 413 2064 eum
447 2040 622 2077 arguere
656 2040 739 2065 non
762 2026 981 2073 dubitavit,
1013 2028 1128 2078 quod
1161 2027 1414 2078 legationem
1447 2027 1712 2078 suscepisset,

149 2110 255 2147 quae
303 2098 529 2136 maximum
579 2098 790 2136 communi
830 2098 1007 2137 familiae
1055 2098 1236 2137 dedecus
1285 2099 1325 2136 in
1374 2107 1587 2150 posterum
1632 2098 1715 2137 illa-

147 2176 240 2207 tura
272 2178 393 2207 esset.
429 2169 519 2211 Cui,
556 2183 685 2219 quum
724 2169 848 2208 frater
886 2169 1183 2220 respondisset.
1224 2183 1267 2208 se
1301 2170 1410 2221 Regi
1444 2184 1532 2216 suo,
1567 2184 1591 2208 a
1629 2183 1713 2220 quo

146 2248 359 2290 praeterea
392 2248 557 2278 senator
590 2248 751 2279 creatus
784 2249 904 2286 esset,
930 2254 1075 2291 parere
1107 2241 1211 2279 velle
1245 2254 1292 2279 ac
1324 2241 1495 2279 debere:
1533 2254 1555 2279 «
1581 2240 1711 2291 Quasi

147 2323 258 2351 vero,
294 2311 504 2361 extemplo
538 2310 672 2362 inquit
706 2311 783 2353 ille,
819 2311 954 2362 magis
987 2311 1226 2350 hominibus
1260 2325 1384 2362 quam
1425 2312 1517 2350 Deo
1556 2311 1713 2350 obtem-

146 2394 291 2431 perare
324 2381 527 2420 deceat».
565 2382 729 2433 Quibus
762 2382 895 2428 dictis,
931 2383 982 2421 ab
1016 2383 1131 2421 Urbe
1174 2382 1361 2428 excessit,
1403 2390 1443 2421 et
1482 2383 1710 2421 Tusculum

147 2460 209 2490 est
244 2466 459 2503 regressus
494 2455 570 2503 (3).
607 2453 688 2491 Hic
721 2467 859 2504 porro,
885 2453 1083 2504 quoniam
1108 2467 1172 2492 res
1196 2461 1349 2499 monet,
1385 2466 1468 2491 non
1502 2461 1565 2492 est
1596 2467 1710 2504 prae-

146 2523 405 2567 tereundum,
444 2524 624 2562 Ponzam
658 2525 710 2563 de
743 2524 878 2563 fratris
913 2524 975 2563 sui
1009 2524 1263 2575 sempiterna
1296 2524 1428 2562 salute
1461 2524 1567 2562 adeo
1600 2523 1709 2562 solli-

145 2593 272 2632 citum
306 2593 445 2635 fuisse.
482 2603 526 2633 ut
559 2609 636 2646 pro
671 2595 762 2645 ipso
796 2595 997 2646 plurimas
1036 2609 1179 2646 preces
1203 2594 1367 2639 fuderit,
1393 2603 1434 2633 et
1458 2595 1549 2633 Deo
1582 2594 1709 2633 vitam

145 2678 262 2702 suam
297 2664 447 2715 pacisci
482 2679 565 2703 non
599 2666 863 2705 dubitaverit.
900 2666 1064 2717 Quibus
1108 2665 1299 2716 precibus
1337 2665 1435 2704 boni
1469 2679 1614 2704 omnes
1646 2679 1708 2703 ac-

145 2744 311 2786 ceptum
347 2737 586 2779 retulerunt,
622 2737 736 2788 quod
770 2738 995 2781 Gustavus,
1029 2751 1158 2788 quum
1193 2737 1232 2774 in
1266 2750 1463 2787 supremo
1487 2736 1595 2775 vitae
1627 2736 1707 2774 dis-

144 2806 314 2845 crimine
348 2816 593 2852 versaretur,
619 2807 821 2846 factorum
851 2808 1082 2858 poenitens,
1118 2821 1210 2846 cum
1236 2808 1328 2845 Deo
1362 2816 1487 2858 atque
1521 2806 1706 2845 Ecclesia

143 2877 345 2916 catholica
379 2878 417 2915 in
452 2878 628 2928 gratiam
664 2879 800 2929 palam
834 2879 1014 2918 redierit.
