1926 3200
855 252 1088 298 -4g.-

179 363 265 386 cum
292 353 540 393 Carminatio‚
569 354 606 388 in
645 354 838 397 publicam
877 355 1001 388 lucem
1039 354 1169 389 denuo
1207 353 1464 388 emittendum
1503 353 1612 388 duxit
1650 365 1751 397 opus

180 411 306 454 ipsum
334 413 547 447 Hermanni
576 414 848 454 Busembaum,
882 414 1108 457 inscriptum
1135 434 1178 439 —-
1206 413 1375 447 fllea'ulla
1417 415 1452 447 T
1448 413 1643 457 lieologiae
1667 414 1750 447 Μο-

181 471 284 508 ralz's,
316 476 421 505 etc...
455 492 494 496 —
523 472 663 506 Breves
689 472 797 516 operi
825 472 896 515 ipsi
923 472 1194 506 annotationes
1222 472 1416 506 subiectae
1455 478 1544 506 sunt
1586 472 1752 515 amplius

177 534 354 569 centum;
384 536 466 564 tum
493 530 687 574 appendix
713 531 858 572 addita,
887 531 922 564 in.
951 542 1040 574 qua,
1069 532 1287 574 praecipua,
1327 542 1426 574 quae
1464 531 1563 565 circa
1598 542 1748 565 morum

177 589 377 623 scientiam
403 589 588 623 hactenus
615 600 636 623 a
662 590 803 624 Sancta
841 589 943 624 Sede
981 590 1220 633 prodierunt,
1249 596 1286 624 et
1313 590 1384 623 alia
1418 590 1492 624 huc
1518 590 1750 633 pertinentia

175 648 420 683 continentur
437 661 472 684 »-

249 722 286 753 8⁰
314 719 612 754 Probabilismns
638 720 810 754 metlzoa'o
837 721 1102 754 mathematica
1120 721 1410 758 demonstratus,
1443 722 1597 754 auctore
1623 721 1668 753 P.
1685 721 1748 754 Pi—

177 779 403 822 tlzanoplzilo,
438 779 552 823 (idest
581 780 620 813 P.
650 780 712 813 Fr.
747 781 922 814 IEREMIA
941 791 963 814 a
995 781 1150 814 Patavio
1179 791 1225 814 ex
1245 780 1389 814 Ordine
1419 779 1748 820 Franciscaiium.)

178 838 305 872 Editio
330 838 461 872 altera.
492 839 601 879 Iriae,
630 839 731 882 typis
758 839 932 873 Caesaris
952 839 1078 879 Giani,
1100 850 1142 873 M.
1166 850 1204 873 D.
1226 849 1314 874 CCC.
1337 849 1401 873 XL.
1430 850 1519 882 pag.
1542 842 1609 872 216
1636 839 1672 872 in
1692 840 1745 872 80.

248 916 286 950 9⁴*
312 908 466 942 loannis
492 908 688 952 Baptistae
714 910 841 943 Fanre
866 920 886 943 e
912 910 995 944 Soc.
1024 911 1110 943 Iesn
1136 910 1402 943 Dubitationes
1436 910 1471 943 T
1468 909 1683 953 heologicae
1700 909 1746 943 de

177 967 314 1001 indicio
333 968 517 1011 practico,
551 968 650 1011 qnod
673 969 913 1002 Sacramenti
936 969 1194 1003 Poenitentiae
1224 969 1448 1003 administer
1476 969 1590 1002 certis
1617 968 1654 1002 in
1681 968 1743 1002 ad-

176 1026 313 1060 iunctis
328 1027 510 1069 formare
546 1027 619 1060 sibi
646 1029 785 1070 potest.
825 1028 982 1069 Lucani,
1010 1028 1111 1071 typis
1151 1028 1342 1062 Francisci
1368 1028 1547 1062 Veladini
1574 1033 1612 1062 et
1637 1028 1744 1069 Soc.‚

177 1095 382 1120 MDCCCXL.
412 1097 487 1129 pag
515 1087 558 1128 78
586 1086 623 1120 in
651 1088 703 1121 80.
734 1087 978 1121 Prooemium
1009 1087 1264 1121 Carminatius
1291 1087 1531 1130 conscripsit.

249 1162 307 1190 100
336 1157 542 1191 Beorchiae
556 1157 707 1192 videtur
720 1158 835 1192 etiam
854 1158 1057 1192 tribuenda
1076 1159 1189 1192 huius
1204 1159 1331 1202 operis
1349 1159 1486 1193 editio:
1505 1179 1548 1183 —
1563 1159 1746 1192 Andreae

175 1216 404 1259 Hieronymi
426 1217 646 1251 Andrencci
668 1228 688 1251 e
713 1217 897 1252 Societate
935 1219 1033 1252 Iesu.
1063 1218 1295 1252 Dissertatio
1334 1218 1543 1261 theologica
1578 1218 1622 1252 de
1649 1218 1741 1252 reci-

172 1275 316 1309 divis...
346 1276 504 1316 Lucani,
532 1276 633 1319 typis
659 1277 837 1310 Veladini
864 1282 902 1310 et
928 1277 1015 1311 Soc.
1045 1287 1088 1311 Μ.
1118 1286 1236 1311 DCCC.
1266 1287 1346 1318 xm,
1367 1288 1455 1320 pag.
1476 1280 1611 1311 'vm—26
1630 1277 1667 1311 in
1687 1280 1740 1311 80.

176 1335 418 1370 Prooemium
445 1335 700 1369 Carminatius
726 1337 958 1380 composuit.

248 1407 354 1440 Haec
381 1418 496 1450 porro
522 1414 611 1440 sunt
637 1418 754 1451 opera
781 1408 905 1448 edita;
936 1408 1079 1442 inedita
1104 1420 1196 1442 vero
1223 1409 1317 1442 haec
1343 1408 1435 1442 alia:

252 1478 299 1512 A.
331 1477 561 1511 Bibliotheca
587 1478 827 1522 Scriptorum
853 1479 1052 1513 Societatis
1078 1480 1176 1513 Iesu.

307 1537 364 1570 De
390 1537 464 1571 hoc
491 1548 608 1580 opere
635 1537 671 1571 in
698 1537 825 1580 elogio
852 1539 1018 1572 auctoris
1045 1538 1136 1572 satis
1165 1538 1256 1572 dixi.

246 1607 288 1640 R.
319 1607 551 1640 Bibliotheca
577 1607 816 1650 Scriptorum
851 1608 1087 1642 Utinensinm
1115 1609 1165 1652 (in
1194 1610 1263 1651 4⁰).

242 1678 283 1712 O.
315 1678 517 1712 Biblioteca
545 1678 806 1721 bibliografica
832 1680 941 1713 varia
969 1680 1020 1723 (in
1048 1685 1086 1721 40
1112 1691 1177 1723 pp.
1208 1682 1281 1721 72).

793 2290 1117 2359 NOTA

225 2547 269 2583 (1)
296 2547 393 2575 Iuvat
417 2546 542 2575 referre
567 2546 640 2584 ipsa
664 2547 768 2576 verba
793 2546 1093 2584 Sommervogelii,
1119 2555 1210 2584 quae
1235 2546 1341 2575 latine
1366 2546 1582 2584 interpretati
1608 2556 1732 2576 sumus

165 2600 283 2637 paullo
308 2599 462 2634 liberius,
487 2608 703 2637 quamquam
722 2600 756 2629 in
775 2599 867 2629 idem
885 2600 1056 2630 recidunt:
1088 2615 1099 2626 ε.
1119 2601 1165 2630 Ce
1182 2599 1304 2629 travail
1325 2600 1556 2637 (Bibliotheca
1575 2600 1728 2637 Scripto-

165 2662 247 2681 rum
271 2653 454 2682 Socielalis
478 2653 574 2686 lesu)
602 2662 621 2682 a
645 2662 692 2682 un
716 2652 883 2682 veritable
907 2654 1027 2682 valeur
1033 2677 1093 2682 .....
1121 2653 1143 2682 il
1169 2652 1296 2682 deuote
1320 2652 1408 2682 daus
1439 2662 1501 2682 son
1530 2658 1656 2682 auteur
1680 2661 1727 2681 uu

165 2705 329 2735 veritable
364 2705 655 2743 bibliographe2.
694 2708 986 2736 Sounmvoossr,
1022 2707 1266 2744 Bibliotlzeqne
1300 2707 1342 2735 de
1369 2708 1403 2735 la
1437 2706 1654 2744 Compagnie
1686 2706 1730 2734 de

154 2759 274 2797 stns.
300 2759 378 2788 Vol.
408 2760 432 2790 Ι,
458 2759 522 2788 col.
552 2760 642 2797 1318.
