1926 3200
840 234 1099 259 —201—

188 327 378 369 stentariz
399 327 547 365 horum
572 341 670 366 vero
689 327 961 366 substantiam
983 326 1020 364 in
1043 327 1213 365 nihilum
1239 328 1386 377 redigi,
1407 329 1747 379 quandoquidem

188 396 228 434 in
286 398 560 435 substantiam
608 397 795 448 corporis
843 397 996 436 Christi
1046 397 1211 447 penitus
1269 407 1549 437 convertatur.
1603 400 1748 449 Itaque

189 467 232 506 P.
270 468 446 507 Ioannes
482 469 666 519 Baptista
700 468 978 510 Franzelinus.
1004 468 1225 507 Societatis
1249 478 1414 507 nostrae
1447 470 1683 519 theologus,
1708 478 1748 508 et

186 547 334 588 postea
367 539 405 576 in
430 539 651 589 collegium
678 540 844 578 Patrum
870 547 1193 589 purpuratorum
1217 539 1415 583 adlectus,
1447 540 1485 578 in
1519 554 1659 590 opere,
1683 540 1746 579 cui

186 608 330 648 titulus
373 611 412 648 T
409 615 590 648 metatus
620 612 668 648 de
701 611 777 649 SS.
811 611 1103 648 Eucharistiae
1146 612 1414 649 sacramento
1445 615 1484 649 et
1515 611 1741 662 *Skrcrq'licim

188 680 369 730 Baymae
402 681 662 722 sententiam,
699 681 824 719 tacito
847 689 985 719 tamen
1009 680 1190 719 auctoris
1224 681 1404 723 nomine,
1439 681 1666 731 omnigeno
1690 696 1748 720 ar*—

185 760 482 801 gumentorum
518 752 700 802 pondere
726 751 1000 802 impugnavit.
1028 753 1182 802 b'ayma
1205 751 1286 790 alio
1316 752 1472 803 scripto
1505 752 1745 803 opinionem

183 834 300 859 suam
333 822 534 860 adversus
568 821 858 859 Franzelinum
894 821 997 860 tueri
1031 830 1093 860 est
1116 830 1302 860 conatus.
1339 823 1447 860 Tum
1482 823 1605 860 etiam
1639 823 1746 861 datis

185 891 332 930 litteris
363 893 416 930 ad
452 893 619 930 Petrum
656 893 808 935 Beckx,
845 892 1065 931 Societatis
1098 901 1264 931 nostrae
1304 893 1590 943 praepositum
1624 908 1747 943 gene-

182 963 322 1007 ralem,
357 971 398 1001 et
429 963 481 1001 ad
514 963 735 1001 nonnullos
758 963 935 1007 sodales,
961 963 1155 1008 ostendit,
1183 964 1473 1002 Franzelinum
1498 965 1744 1003 sententiam

183 1046 300 1071 suam
334 1034 456 1084 plane
489 1042 763 1084 assequutum
798 1048 881 1072 non
914 1048 1017 1072 esse.

270 1103 376 1142 Cum
410 1117 508 1142 vero
553 1104 662 1142 idem
706 1105 913 1154 generalis
956 1104 1220 1155 praepositus
1264 1105 1445 1155 Baymae
1488 1105 1743 1155 opinionem,

181 1188 300 1212 sacro
348 1188 521 1213 romano
569 1175 806 1218 conventui,
856 1175 921 1213 cui
970 1189 1123 1213 nomen
1170 1176 1221 1213 ab
1256 1176 1409 1221 Indice,
1455 1175 1582 1214 instar
1624 1191 1746 1227 quae-

180 1243 246 1282 siti
280 1245 553 1295 exposuisset,
589 1246 654 1284 hic
688 1246 796 1284 illam
830 1262 852 1284 a
886 1260 1099 1297 quoquam
1134 1247 1245 1284 nulla
1278 1260 1450 1297 prorsus
1484 1246 1643 1285 ratione
1682 1262 1745 1285 su-

179 1315 322 1354 stineri
357 1330 480 1366 posse
514 1317 742 1367 respondit.
778 1318 919 1368 Quum
955 1317 1094 1368 itaque
1128 1318 1264 1355 Roma
1297 1318 1434 1356 locuta
1467 1326 1588 1363 esset,
1622 1332 1745 1356 causa

179 1387 302 1425 finem
337 1388 492 1426 habuit.
529 1388 736 1439 Equidem
771 1389 871 1427 haec
894 1388 1018 1427 etiam
1042 1389 1094 1426 de
1118 1389 1275 1438 Bayma
1308 1389 1553 1439 attingenda
1587 1389 1742 1439 putavi,

182 1472 233 1496 ne
267 1459 523 1508 quaestionis
555 1460 660 1497 adeo
693 1459 835 1510 gravis
869 1459 1021 1498 inscius
1055 1459 1232 1505 viderer,
1264 1473 1368 1498 neve
1392 1459 1485 1510 quis
1518 1460 1620 1498 vitio
1643 1460 1743 1498 mihi

183 1538 374 1575 verteret,
394 1530 508 1580 quod
527 1544 573 1568 ea
592 1531 884 1569 tantummodo
904 1531 943 1569 in
962 1531 1145 1569 medium
1164 1531 1406 1581 proferrem,
1432 1544 1538 1581 quae
1563 1532 1743 1581 Baymae

182 1599 374 1638 laudibus
415 1600 636 1639 efferendis
679 1601 761 1640 sint
803 1602 970 1644 idonea,
1016 1615 1148 1652 eaque
1192 1601 1587 1652 praetermitterem,
1634 1616 1740 1653 quae

183 1671 352 1708 easdem
386 1671 604 1709 videantur
636 1672 811 1710 elevare.

270 1742 394 1779 Anno
419 1753 704 1784 MDCCCLXIX.
732 1743 888 1793 Bayma
914 1743 952 1781 in
982 1743 1218 1781 American]
1242 1758 1265 1781 a
1287 1744 1373 1781 suis
1406 1743 1742 1782 moderatoribus

178 1820 241 1850 est
275 1812 438 1855 missus,
469 1821 508 1851 et
531 1821 666 1851 rector
688 1814 853 1864 collegii
878 1813 991 1852 urbis
1014 1814 1055 1853 S.
1081 1814 1303 1858 Francisci,
1329 1814 1458 1853 totius
1491 1814 1741 1853 Californiae

180 1882 392 1933 principis,
427 1892 489 1922 est
521 1884 785 1923 constitutus.
832 1884 932 1922 Eius
973 1884 1203 1923 discessum
1236 1886 1288 1923 ab
1320 1884 1475 1935 Anglia
1512 1898 1638 1933 aegre
1674 1884 1742 1922 ad-v

179 1953 351 1991 modum
375 1954 568 1996 tulerunt,
609 1969 691 1993 non
729 1955 863 1992 solum
908 1955 1071 1993 sodales
1103 1964 1143 1993 et
1180 1955 1404 1999 auditores,
1445 1955 1515 2005 qui
1549 1968 1644 1992 eum
1680 1955 1739 1993 uti

176 2032 336 2075 patrem
371 2025 573 2068 colebant,
608 2034 733 2077 atque
762 2026 880 2064 unice
902 2026 1109 2072 amabant,
1134 2026 1208 2064 sed
1231 2027 1353 2065 etiam
1378 2026 1512 2068 alieni.
1548 2040 1593 2064 ac
1626 2040 1740 2076 prae-

173 2094 296 2145 cipue
329 2095 405 2134 viri
437 2096 680 2142 doctissimi,
706 2111 884 2147 quorum
908 2097 1074 2147 plurimi
1097 2096 1319 2135 amicitiam
1343 2111 1436 2135 cum
1466 2110 1516 2135 eo
1550 2096 1738 2143 inierant,

178 2179 359 2216 eumque
392 2166 432 2204 in
455 2167 778 2206 abstrusioribus
801 2167 1050 2218 omnigenae
1074 2167 1270 2206 scientiae
1298 2166 1626 2218 quaestionibus,
1652 2181 1740 2218 per-

181 2235 279 2274 inde
312 2251 358 2275 ac
402 2236 434 2275 si
483 2237 675 2288 discipuli
725 2246 886 2281 essent,
936 2237 1178 2288 saepissime
1221 2237 1468 2276 sententiam
1518 2238 1737 2289 rogabant.

175 2307 416 2358 Antequam
461 2308 500 2346 in
545 2317 629 2347 tam
673 2308 947 2359 longinquam
991 2308 1206 2359 regionem
1239 2322 1329 2347 sese
1362 2309 1662 2354 transduceret,
1699 2308 1738 2346 in

178 2378 339 2416 Italiam
374 2378 498 2421 venit.
534 2393 628 2417 cum
664 2379 762 2430 ipsis
796 2379 1132 2418 moderatoribus
1173 2380 1226 2417 de
1264 2379 1360 2418 novi
1410 2379 1625 2430 regiminis
1673 2393 1739 2417 ne-

174 2448 304 2499 gotiis
337 2463 476 2487 coram
510 2458 688 2488 acturus.
725 2451 828 2488 Tres
866 2450 960 2488 hinc
1005 2450 1185 2488 iuniores
1218 2450 1394 2494 sodales,
1429 2450 1613 2501 optimae
1646 2449 1734 2500 spei

177 2519 476 2564 adolescentes,
520 2519 559 2558 in
594 2520 861 2559 Calisorniam
894 2520 1090 2565 deduxit;
1135 2534 1312 2570 quorum
1357 2534 1481 2565 unus,
1528 2520 1733 2570 Iosephus

175 2589 295 2628 Sasia
329 2590 584 2640 subalpinus,
621 2591 796 2640 grandia
829 2591 969 2629 munia
1010 2591 1281 2641 postmodum
1325 2591 1363 2629 in
1399 2590 1446 2628 iis
1490 2590 1734 2641 regionibus

173 2660 290 2701 obiit.
326 2669 365 2698 et
401 2661 439 2698 in
475 2661 634 2699 Italiam
669 2670 899 2704 revocatus.
935 2661 1062 2700 totius
1105 2661 1344 2712 provinciae
1377 2661 1626 2700 taurinensis
1660 2675 1733 2711 gu-

177 2731 399 2770 bernacula
431 2746 502 2769 sex
535 2732 662 2770 ferme
696 2747 827 2771 annos
861 2733 1006 2771 tenuit.

266 2803 421 2852 Bayma
455 2802 495 2840 in
529 2817 685 2841 novum
709 2803 931 2853 collegium
955 2805 1006 2841 ab
1030 2804 1223 2841 omnibus
1252 2813 1516 2854 peramanter
1538 2812 1736 2853 exceptus

174 2880 262 2914 est:v
301 2873 643 2924 quandoquidem
694 2874 861 2923 ingenii,
917 2874 1132 2913 doctrinae
1178 2883 1217 2912 et
1267 2874 1432 2913 virtutis
1481 2874 1588 2912 fama
1640 2887 1733 2911 eum
