1926 3200
818 216 1077 261 —169—

159 334 331 359 munera
365 321 568 363 incubuit:
603 330 729 372 atque
761 320 885 359 etiam
936 320 1176 364 identidem,
1213 320 1456 371 praesertim
1498 334 1570 371 per
1603 319 1724 358 ferias

154 392 432 437 autumnales,
471 392 581 431 Patri
630 391 792 431 Aloisio
843 391 1025 430 Ricasoli
1076 391 1349 430 concionibus
1393 391 1607 434 habendis,
1660 391 1723 429 vel

162 462 241 513 piis
273 463 479 502 exercitiis
513 464 737 508 tradendis,
773 463 954 514 plurimo
988 462 1231 501 adiumento
1265 462 1353 501 fuit.

252 534 400 584 Neque
434 533 570 572 minus
603 534 655 572 ad
689 534 885 585 pietatem
920 532 1034 572 libris
1066 532 1190 571 editis
1219 533 1422 578 alendam,
1447 532 1631 571 animum
1656 531 1724 570 ad-

162 604 268 643 iecit.
295 604 488 655 Opellam
511 606 559 643 de
580 606 689 643 Actu
718 605 985 643 Contritz'onis
1008 603 1234 653 evulgavit.
1263 604 1365 642 Item
1400 604 1648 655 opusculum
1673 603 1723 642 de

161 675 336 726 Virgine
362 675 545 726 Deipara
567 689 589 713 e
611 675 763 726 gallico
782 689 973 714 sermone
998 675 1037 713 in
1063 674 1204 713 italum
1240 674 1374 719 vertit,
1407 675 1635 726 ediditque.
1666 675 1723 712 At

160 747 336 797 potiora,
372 755 558 785 extremo
591 746 700 784 vitae
734 754 936 796 tempore,
963 745 1003 784 in
1026 745 1326 796 rempublicam
1359 745 1601 784 litterariam
1635 745 1723 784 eius

162 816 388 868 promerita
411 817 537 855 fuere.
563 816 800 861 Enimvero,
826 825 870 855 ut
894 816 1053 855 Natalis
1078 815 1254 855 Santinii
1287 825 1327 855 et
1351 815 1515 855 Camilli
1539 816 1724 855 Arborii-

162 889 311 926 Mellae
345 887 615 938 interceptam
649 886 884 926 versionem
919 901 1094 938 operum
1118 888 1295 926 Sanctae
1318 887 1512 926 Teresiae
1535 887 1722 937 Virginis

158 957 442 998 Carmelitidis
476 958 702 1008 suppleret,
728 972 874 996 omnes
908 958 1030 996 huius
1052 957 1262 1008 epistolas,
1293 966 1418 1009 atque
1441 972 1580 1008 opera,
1616 972 1722 1008 quae

162 1029 322 1067 minora
368 1029 644 1080 appellantur.
695 1043 776 1067 una
823 1043 916 1068 cum
965 1029 1231 1075 carminibus,
1282 1029 1417 1068 italica
1460 1029 1626 1068 civitate
1659 1040 1722 1068 est

160 1100 407 1151 impertitus.
444 1109 484 1139 et
526 1109 717 1139 accurate
766 1108 890 1151 atque
939 1101 1100 1139 erudite
1143 1110 1206 1139 est
1248 1109 1566 1139 commentatus.
1603 1101 1722 1151 Quae

155 1171 305 1217 versio,
341 1171 565 1222 praecipue
606 1171 855 1218 carminum,
900 1172 1006 1210 adeo
1049 1180 1112 1210 est
1154 1172 1324 1222 elegans
1367 1180 1407 1210 et
1455 1181 1641 1214 venusta.
1678 1180 1722 1210 ut

156 1242 256 1280 nihil
290 1242 437 1293 magis.
474 1243 584 1282 Huic
617 1242 766 1287 officio,
792 1256 842 1281 ex
864 1243 1103 1281 obedientia
1132 1251 1341 1293 suscepto,
1368 1256 1451 1281 non
1485 1242 1612 1281 modo
1636 1242 1722 1293 plu-

155 1313 303 1351 rimam
337 1313 474 1352 attulit
507 1313 785 1359 sedulitatem,
820 1314 893 1352 sed
928 1313 967 1351 in
1001 1327 1051 1352 eo
1090 1314 1299 1364 explendo
1333 1314 1487 1352 nullam
1521 1314 1722 1352 diuturni-

154 1384 251 1423 tatis
299 1384 502 1423 rationem
551 1384 707 1423 habuit.
760 1383 937 1423 Cuidam
986 1398 1085 1423 vero
1134 1384 1408 1435 percontanti,
1459 1398 1532 1423 cur
1571 1384 1611 1422 in
1645 1384 1721 1422 hac

154 1456 320 1511 Σπάρτῃ
354 1456 536 1494 curanda
568 1465 786 1507 tantopere
826 1456 1138 1505 immoraretur3
1175 1472 1195 1493 «
1224 1455 1307 1507 Qui
1356 1456 1517 1507 legerit,
1570 1456 1717 1507 inquit,

155 1539 238 1564 non
279 1540 405 1576 quam
447 1526 548 1571 cito,
593 1526 667 1565 sed
699 1540 824 1577 quam
868 1527 998 1577 probe
1042 1540 1133 1565 eam
1175 1527 1427 1565 absolverim
1472 1526 1716 1578 inquiret».

156 1596 297 1635 Nihilo
331 1597 464 1635 secius
497 1611 617 1635 suum
662 1612 813 1636 nomen
857 1598 984 1636 latere
1029 1597 1172 1641 voluit,
1208 1611 1258 1636 ne
1291 1597 1362 1648 qui
1407 1597 1544 1636 iunior
1577 1597 1719 1636 inanes

156 1666 372 1705 hominum
422 1668 566 1706 laudes
613 1669 875 1718 contemptui
924 1669 1150 1713 habuisset,
1186 1669 1259 1707 has
1293 1669 1432 1707 senior
1464 1677 1631 1719 captare
1666 1669 1722 1706 vi-

157 1738 336 1777 deretur.
747 1742 750 1745 ’

244 1810 428 1848 Naturae
461 1809 665 1848 concessit
700 1810 886 1855 Faesulis
911 1810 951 1848 in
975 1819 1117 1849 nostra
1150 1810 1276 1849 domo
1310 1811 1361 1849 ad
1396 1810 1537 1850 Sancti
1574 1811 1722 1849 Hiero-

154 1880 282 1930 nymi,
318 1880 358 1918 in
391 1894 517 1931 quam
565 1880 682 1931 gravi
723 1880 870 1919 morbo
912 1889 1129 1931 correptus
1163 1882 1301 1920 statim
1336 1895 1379 1920 se
1413 1891 1638 1932 receperat,
1674 1890 1719 1920 ut

154 1950 261 1989 inter
292 1965 390 1989 suos
423 1951 587 1989 sodales
620 1966 642 1989 e
675 1950 759 1990 vita
792 1951 1002 2002 migraret.
1039 1951 1269 1991 Universus
1301 1953 1556 1991 Faesulanae
1597 1953 1719 1991 Dioe-

155 2022 260 2061 cesis
293 2022 439 2067 clerus,
475 2031 515 2061 et
547 2022 651 2060 sacri
700 2023 874 2073 ephebei
923 2023 1091 2069 alumni,
1136 2023 1351 2074 nostrique
1395 2024 1570 2065 sodales.
1605 2024 1717 2074 apud

153 2106 261 2144 quos
280 2102 485 2144 perpetuo
503 2093 635 2132 fuerat
654 2092 693 2130 in
720 2093 891 2137 honore,
925 2094 1090 2132 Mereae
1123 2094 1284 2133 obitum
1318 2094 1431 2133 luctu
1465 2102 1505 2132 et
1538 2094 1717 2132 lacrimis

153 2174 251 2203 sunt
298 2164 520 2215 prosecuti.
556 2163 728 2215 eiusque
778 2164 1020 2203 memoriam
1069 2164 1208 2203 animo
1257 2165 1423 2216 penitus
1467 2165 1715 2204 insidentem

155 2234 280 2273 etiam
313 2249 422 2273 nunc
455 2234 652 2285 religiose
686 2243 854 2273 tuentur
877 2236 954 2284 (2).
992 2236 1238 2274 Inhumatus
1281 2245 1343 2275 est
1386 2236 1426 2274 in
1464 2236 1716 2275 coemeterio

153 2306 326 2351 urbano,
362 2315 403 2344 et
435 2306 673 2356 sepulcrum
708 2320 730 2342 a
763 2305 977 2349 canonico,
1018 2305 1083 2344 cui
1122 2320 1273 2345 nomen
1307 2307 1416 2352 Toti,
1454 2307 1493 2345 in
1526 2307 1716 2358 ephebeo

154 2377 387 2415 Faesulano
432 2376 661 2415 rhetoricae
701 2386 970 2427 praeceptore
1003 2377 1244 2420 clarissimo.
1280 2378 1358 2416 hoc
1406 2378 1528 2417 titulo
1561 2379 1717 2429 perele-

154 2447 270 2499 ganti
305 2456 368 2487 est
401 2457 673 2486 exornatum:
