1926 3200
847 264 1107 289 —202—

189 369 480 400 antecesserat.
516 359 710 398 Rectoris
742 359 937 402 officium,
972 358 1206 396 animorum
1240 358 1426 396 omnium
1465 357 1754 403 consensione,

187 433 439 483 auspicatus,
459 431 651 482 impiger,
677 430 919 475 industrius,
943 429 1137 468 assiduus
1155 429 1243 475 fuit,
1269 443 1343 468 nec
1367 429 1437 467 ulli
1456 429 1585 479 parsit
1608 428 1753 475 labori,

189 518 275 554 quo
298 503 471 549 cunctis,
496 511 540 540 ut
564 501 627 540 sui
651 510 760 540 esset
783 501 979 546 muneris,
1004 500 1274 551 prospiceret.
1301 500 1446 538 Ludos
1468 499 1691 540 litterarios
1715 500 1755 538 in

187 574 521 614 commodiorem
555 573 731 611 formam
765 571 951 622 redegit:
986 571 1280 610 bibliothecam
1315 571 1531 621 exquisitis
1564 571 1678 609 libris
1700 571 1758 610 lo-

187 645 432 696 cupletavit:
469 658 625 687 musea,
671 642 868 687 officinas,
918 651 957 680 et
995 641 1207 680 conclavia
1241 641 1505 680 scientiarum
1539 641 1756 688 machinis,

187 717 360 767 aliisque
395 715 683 754 instrumentis
716 714 768 752 ad
802 722 988 752 recentes
1032 727 1199 751 normas
1238 712 1473 759 elaboratis,
1513 713 1666 751 sensim
1701 713 1759 751 in-

185 787 349 827 struxit.
387 787 466 825 His
490 795 630 825 tamen
665 799 749 823 non
782 793 1016 827 contentus,
1043 798 1194 822 munus
1227 784 1404 823 docendi
1439 798 1522 822 non
1555 784 1752 831 deseruit;

186 860 272 901 sed,
308 871 564 909 quamquam
602 856 746 895 alienis
779 856 888 894 curis
927 855 1151 906 plurimum
1190 855 1478 897 distinebatur,
1524 865 1662 894 tamen
1695 870 1759 894 su-

186 931 422 970 blimiorem
458 928 679 967 mathesim
713 927 886 978 ephebis
919 927 1152 978 explicavit.
1190 927 1409 965 Praeterea
1441 941 1654 965 sacrorum
1687 941 1756 965 an-

185 1004 378 1047 tistitum,
413 1011 453 1041 et
486 1001 663 1040 aliorum
698 1013 918 1051 procerum
954 1008 1116 1050 rogatu,
1152 1000 1204 1037 ad
1229 998 1488 1046 religionem.
1525 999 1753 1045 scientiam,

187 1084 227 1113 et
267 1073 569 1112 humanitatem
621 1071 950 1122 propagandam
1001 1069 1337 1121 ephemeridibus
1381 1070 1595 1108 catholicis
1644 1070 1758 1109 urbis

187 1145 327 1185 Sancti
363 1143 573 1183 Francisci
608 1151 647 1181 et
671 1142 843 1180 aliarum
869 1141 1046 1187 urbium,
1072 1141 1225 1192 ingenii
1251 1155 1421 1191 operam
1456 1141 1650 1179 exhibere
1674 1155 1758 1180 non

186 1215 447 1256 detrectavit.
482 1214 556 1252 Vir
605 1227 703 1251 sane
751 1227 849 1264 prae
893 1212 1051 1251 cunctis
1094 1212 1383 1255 dilaudandus,
1429 1212 1499 1262 qui
1547 1223 1635 1250 tum
1680 1212 1757 1251 sibi

187 1300 401 1337 nunquam
435 1286 581 1324 deesse
615 1294 792 1336 putaret,
828 1298 957 1335 quum
991 1284 1080 1322 aliis
1114 1292 1317 1334 perpetuo
1351 1283 1526 1322 adesset.

276 1357 477 1396 Triennio
526 1357 843 1399 circumvoluto,
893 1355 1058 1404 collegii
1104 1354 1292 1406 regimen
1336 1355 1488 1405 posuit.
1531 1355 1755 1394 Mathesim

188 1429 492 1471 sublimiorem,
544 1428 602 1466 uti
653 1427 799 1466 solitus
833 1427 977 1468 suerat,
1013 1436 1138 1476 atque
1181 1426 1358 1464 ethicam
1408 1425 1561 1464 ibidem
1596 1434 1757 1476 septem

187 1514 320 1539 annos
363 1499 521 1538 docuit.
568 1499 716 1537 Totius
760 1498 885 1536 etiam
930 1498 1145 1536 Jlissc‘om's
1188 1497 1439 1536 Californiae
1482 1497 1758 1536 moderatoris

188 1572 428 1611 admonitor
461 1580 523 1609 est
558 1570 835 1611 renunciatus.
862 1570 1045 1620 itemque
1068 1569 1295 1607 consultor.
1333 1569 1483 1607 Morbo
1507 1569 1758 1617 gravissimo

189 1643 458 1693 interceptus,
496 1642 536 1680 in
570 1641 793 1693 collegium
829 1641 1005 1680 Sanctae
1039 1640 1185 1679 Clarae
1229 1640 1445 1680 concessit.
1481 1650 1525 1679 ut
1558 1640 1666 1678 vires
1700 1654 1758 1679 re-

188 1715 357 1765 ciperet.
393 1713 558 1764 Quibus
594 1712 784 1763 receptis,
821 1725 1074 1762 quamquam
1113 1719 1400 1754 consenuerat„
1446 1711 1662 1750 vacatione
1695 1725 1758 1749 ae·

188 1786 284 1825 tatis
317 1784 489 1822 minime
522 1794 583 1822 est
618 1798 730 1825 usus.
757 1784 830 1822 sed
854 1783 1094 1833 disciplinas
1119 1782 1432 1820 mathematicas
1457 1782 1758 1821 reconditiores

187 1856 381 1894 undecim
415 1855 574 1893 solidos
607 1868 739 1892 annos
774 1854 873 1892 inibi
908 1853 1082 1904 ephebis
1116 1852 1367 1903 explanavit,
1394 1852 1541 1890 studiis
1565 1853 1755 1903 praefuit,

187 1936 429 1966 nostrorum
463 1925 669 1964 sodalium
715 1924 943 1976 specimina
987 1924 1233 1963 scholastica
1276 1924 1451 1974 excepit,
1487 1923 1687 1962 librorum
1721 1938 1759 1962 e-

186 1998 422 2037 dendorum
472 2010 620 2035 censor
662 1995 755 2041 fuit,
817 2006 856 2035 et
910 2009 1080 2034 casuum
1137 1997 1402 2033 conscz'enliae
1454 1995 1755 2045 praefecturam

186 2069 303 2109 obiit.
349 2068 553 2120 Quamvis
586 2076 648 2107 tot
683 2067 925 2106 muneribus
970 2067 1153 2105 intentus
1196 2075 1316 2111 esset,
1352 2075 1489 2104 tamen
1523 2066 1622 2104 satis
1656 2075 1756 2104 tem-

187 2141 301 2192 poris
335 2151 397 2179 est
441 2149 598 2180 nactus,
644 2140 758 2190 quod
801 2138 1087 2189 compluribus
1130 2137 1327 2188 operibus
1371 2136 1612 2183 scribendis,
1654 2137 1755 2187 quin

185 2213 310 2252 etiam
343 2212 606 2261 evulgandis.
643 2210 916 2261 impenderet.
954 2209 1184 2248 Universae
1228 2208 1426 2247 mathesis
1459 2222 1625 2246 cursum
1660 2222 1758 2246 con-

186 2284 365 2334 scripsit,
401 2282 472 2334 qui
507 2296 639 2333 paene
679 2282 853 2333 integer,
888 2295 938 2319 eo
972 2281 1081 2324 rivo,
1117 2290 1178 2318 est
1218 2280 1367 2318 editus.
1404 2280 1596 2330 Opellam
1629 2279 1755 2318 etiam

185 2354 370 2393 exaravit
403 2354 454 2392 de
487 2362 574 2392 arte
608 2352 777 2395 musica,
812 2352 929 2391 cuius
959 2366 1127 2390 normas
1160 2359 1200 2389 et
1233 2359 1447 2401 respectus
1480 2350 1531 2388 ad
1564 2350 1755 2388 ordinem

185 2425 442 2476 religiosum,
477 2424 677 2463 moralem
711 2433 751 2462 et
785 2423 1029 2462 historicum
1063 2422 1234 2473 egregie
1267 2431 1329 2460 est
1363 2430 1618 2472 persecutus.
1645 2422 1753 2459 Nam

186 2497 309 2536 huius
342 2497 441 2535 artis
475 2510 558 2534 non
592 2496 720 2534 modo
755 2509 876 2533 usum
900 2495 1079 2533 habebat
1123 2493 1300 2544 <quippe
1333 2507 1503 2544 gravem
1538 2493 1652 2531 vocis
1675 2493 1755 2544 spi-

186 2568 324 2613 ritum,
358 2581 442 2618 quo
476 2567 681 2612 utebatur,
718 2579 910 2616 prorsum
955 2579 1120 2604 versum
1166 2564 1395 2614 impellens,
1440 2564 1661 2602 commode
1694 2577 1755 2602 ca-

185 2648 314 2681 neret,
349 2648 389 2677 et
422 2638 581 2676 musico
627 2637 918 2679 instrumento,
965 2636 1157 2675 videlicet
1191 2649 1365 2686 organo,
1400 2634 1664 2673 commodius
1697 2635 1755 2673 lu-

186 2710 335 2755 deret),
361 2710 433 2748 sed
457 2708 715 2748 theoreticen
738 2708 929 2758 apprime
951 2708 1137 2751 callebat,
1158 2715 1198 2745 et
1218 2706 1396 2744 musicas
1420 2705 1754 2744 elucubrationes

188 2781 293 2820 bene
327 2780 478 2818 multas
511 2780 562 2817 de
595 2793 672 2817 suo
706 2792 816 2829 penu
849 2777 1124 2829 deprompsit.

279 2852 385 2889 Eum
409 2859 625 2901 praeterea
647 2850 932 2895 architectum,
959 2848 1302 2893 machinatorem,
1322 2847 1609 2898 pictoremque
1633 2847 1755 2885 Ame-

189 2921 313 2960 ricani
348 2930 638 2972 suspexerunt.
677 2921 842 2960 Etenim
887 2921 1032 2958 harum
1066 2919 1381 2970 disciplinarum
1415 2919 1631 2968 complura
1664 2930 1754 2968 spe-
