<?xml version="1.0" encoding="UTF-8"?>
<!DOCTYPE html PUBLIC "-//W3C//DTD XHTML 1.0 Transitional//EN"
    "http://www.w3.org/TR/xhtml1/DTD/xhtml1-transitional.dtd">
<html xmlns="http://www.w3.org/1999/xhtml" xml:lang="en" lang="en">
 <head>
  <title>
</title>
<meta http-equiv="Content-Type" content="text/html;charset=utf-8" />
  <meta name='ocr-system' content='tesseract 3.04.00' />
  <meta name='ocr-capabilities' content='ocr_page ocr_carea ocr_par ocr_line ocrx_word'/>
</head>
<body>
  <div class='ocr_page' id='page_1' title='image "./declarissodalibu00casa_0224.png"; bbox 0 0 1926 3200; ppageno 0'>
   <div class='ocr_carea' id='block_1_1' title="bbox 842 249 1103 287">
    <p class='ocr_par' dir='ltr' id='par_1_1' title="bbox 842 249 1103 287">
     <span class='ocr_line' id='line_1_1' title="bbox 842 249 1103 287; baseline -0.004 -21"><span class='ocrx_word' id='word_1_1' title='bbox 842 249 1103 287; x_wconf 59' lang='lat'>„174-</span> 
     </span>
    </p>
   </div>
   <div class='ocr_carea' id='block_1_2' title="bbox 179 344 1755 2955">
    <p class='ocr_par' dir='ltr' id='par_1_2' title="bbox 184 344 1755 680">
     <span class='ocr_line' id='line_1_2' title="bbox 187 344 1755 396; baseline 0.001 -14"><span class='ocrx_word' id='word_1_2' title='bbox 187 352 321 382; x_wconf 88' lang='lat' dir='ltr'>terum</span> <span class='ocrx_word' id='word_1_3' title='bbox 356 344 523 395; x_wconf 84' lang='lat' dir='ltr'>pietatis</span> <span class='ocrx_word' id='word_1_4' title='bbox 557 344 740 383; x_wconf 90' lang='lat' dir='ltr'>stadium</span> <span class='ocrx_word' id='word_1_5' title='bbox 774 345 1047 389; x_wconf 86' lang='lat' dir='ltr'>emetiuntur,</span> <span class='ocrx_word' id='word_1_6' title='bbox 1083 357 1274 395; x_wconf 85' lang='lat' dir='ltr'>quosque</span> <span class='ocrx_word' id='word_1_7' title='bbox 1314 344 1513 383; x_wconf 86' lang='lat' dir='ltr'>tertianos</span> <span class='ocrx_word' id='word_1_8' title='bbox 1546 358 1755 396; x_wconf 89' lang='lat' dir='ltr'>nuncupa-</span> 
     </span>
     <span class='ocr_line' id='line_1_3' title="bbox 186 414 1750 467; baseline 0.001 -14"><span class='ocrx_word' id='word_1_9' title='bbox 186 429 291 459; x_wconf 79' lang='lat' dir='ltr'>mus,</span> <span class='ocrx_word' id='word_1_10' title='bbox 312 415 513 466; x_wconf 82' lang='lat' dir='ltr'>magister</span> <span class='ocrx_word' id='word_1_11' title='bbox 535 415 705 454; x_wconf 81' lang='lat' dir='ltr'>exstitit.</span> <span class='ocrx_word' id='word_1_12' title='bbox 726 416 795 454; x_wconf 87' lang='lat' dir='ltr'>Ad</span> <span class='ocrx_word' id='word_1_13' title='bbox 814 416 915 454; x_wconf 88' lang='lat' dir='ltr'>haec</span> <span class='ocrx_word' id='word_1_14' title='bbox 933 414 1063 453; x_wconf 83' lang='lat' dir='ltr'>divini</span> <span class='ocrx_word' id='word_1_15' title='bbox 1086 414 1200 453; x_wconf 86' lang='lat' dir='ltr'>verbi</span> <span class='ocrx_word' id='word_1_16' title='bbox 1220 429 1371 465; x_wconf 90' lang='lat' dir='ltr'>praeco</span> <span class='ocrx_word' id='word_1_17' title='bbox 1394 415 1750 467; x_wconf 76' lang='lat' dir='ltr'>diligentissimus.</span> 
     </span>
     <span class='ocr_line' id='line_1_4' title="bbox 186 485 1753 537; baseline 0.001 -14"><span class='ocrx_word' id='word_1_18' title='bbox 186 486 379 537; x_wconf 75' lang='lat' dir='ltr'>ingentes</span> <span class='ocrx_word' id='word_1_19' title='bbox 412 486 645 524; x_wconf 88' lang='lat' dir='ltr'>animarum</span> <span class='ocrx_word' id='word_1_20' title='bbox 679 485 916 537; x_wconf 86' lang='lat' dir='ltr'>manipulos</span> <span class='ocrx_word' id='word_1_21' title='bbox 959 485 1143 536; x_wconf 75' lang='lat' dir='ltr'><strong>collegit.</strong></span> <span class='ocrx_word' id='word_1_22' title='bbox 1184 486 1349 524; x_wconf 91' lang='lat' dir='ltr'>Etenim</span> <span class='ocrx_word' id='word_1_23' title='bbox 1382 485 1569 537; x_wconf 78' lang='lat' dir='ltr'>linguam</span> <span class='ocrx_word' id='word_1_24' title='bbox 1603 487 1753 525; x_wconf 90' lang='lat' dir='ltr'>Tamu-</span> 
     </span>
     <span class='ocr_line' id='line_1_5' title="bbox 184 556 1753 609; baseline 0.001 -13"><span class='ocrx_word' id='word_1_25' title='bbox 184 558 305 596; x_wconf 88' lang='lat' dir='ltr'>licam</span> <span class='ocrx_word' id='word_1_26' title='bbox 339 558 528 609; x_wconf 88' lang='lat' dir='ltr'>apprime</span> <span class='ocrx_word' id='word_1_27' title='bbox 552 557 768 603; x_wconf 76' lang='lat' dir='ltr'>didicerat,</span> <span class='ocrx_word' id='word_1_28' title='bbox 794 565 839 596; x_wconf 92' lang='lat' dir='ltr'>ut</span> <span class='ocrx_word' id='word_1_29' title='bbox 863 556 1098 607; x_wconf 75' lang='lat' dir='ltr'>indigenae,</span> <span class='ocrx_word' id='word_1_30' title='bbox 1124 556 1194 607; x_wconf 87' lang='lat' dir='ltr'>qui</span> <span class='ocrx_word' id='word_1_31' title='bbox 1218 556 1341 595; x_wconf 87' lang='lat' dir='ltr'>huius</span> <span class='ocrx_word' id='word_1_32' title='bbox 1374 557 1579 596; x_wconf 88' lang='lat' dir='ltr'>sermonis</span> <span class='ocrx_word' id='word_1_33' title='bbox 1602 558 1753 597; x_wconf 89' lang='lat' dir='ltr'>doctis-</span> 
     </span>
     <span class='ocr_line' id='line_1_6' title="bbox 186 627 1535 680; baseline 0 -12"><span class='ocrx_word' id='word_1_34' title='bbox 186 629 279 668; x_wconf 86' lang='lat' dir='ltr'>simi</span> <span class='ocrx_word' id='word_1_35' title='bbox 312 630 578 676; x_wconf 76' lang='lat' dir='ltr'>haberentur,</span> <span class='ocrx_word' id='word_1_36' title='bbox 613 629 703 668; x_wconf 86' lang='lat' dir='ltr'>eius</span> <span class='ocrx_word' id='word_1_37' title='bbox 735 628 927 680; x_wconf 78' lang='lat' dir='ltr'>peritiam</span> <span class='ocrx_word' id='word_1_38' title='bbox 961 627 1221 678; x_wconf 79' lang='lat' dir='ltr'>suspicerent</span> <span class='ocrx_word' id='word_1_39' title='bbox 1253 628 1535 668; x_wconf 76' lang='lat' dir='ltr'>vehementer.</span> 
     </span>
    </p>

    <p class='ocr_par' dir='ltr' id='par_1_3' title="bbox 183 700 1755 2021">
     <span class='ocr_line' id='line_1_7' title="bbox 277 700 1750 752; baseline -0.001 -13"><span class='ocrx_word' id='word_1_40' title='bbox 277 701 418 752; x_wconf 75' lang='lat' dir='ltr'>Quum</span> <span class='ocrx_word' id='word_1_41' title='bbox 453 701 593 752; x_wconf 81' lang='lat' dir='ltr'>itaque</span> <span class='ocrx_word' id='word_1_42' title='bbox 617 701 763 740; x_wconf 83' lang='lat' dir='ltr'>Gallus</span> <span class='ocrx_word' id='word_1_43' title='bbox 786 708 926 739; x_wconf 87' lang='lat' dir='ltr'>tantus</span> <span class='ocrx_word' id='word_1_44' title='bbox 949 707 1071 745; x_wconf 84' lang='lat' dir='ltr'>esset,</span> <span class='ocrx_word' id='word_1_45' title='bbox 1096 700 1285 750; x_wconf 82' lang='lat' dir='ltr'>tantique</span> <span class='ocrx_word' id='word_1_46' title='bbox 1308 700 1423 739; x_wconf 87' lang='lat' dir='ltr'>fieret</span> <span class='ocrx_word' id='word_1_47' title='bbox 1456 701 1508 738; x_wconf 91' lang='lat' dir='ltr'>ab</span> <span class='ocrx_word' id='word_1_48' title='bbox 1542 700 1750 745; x_wconf 85' lang='lat' dir='ltr'>omnibus,</span> 
     </span>
     <span class='ocr_line' id='line_1_8' title="bbox 184 770 1754 823; baseline -0.001 -12"><span class='ocrx_word' id='word_1_49' title='bbox 184 787 231 811; x_wconf 90' lang='lat' dir='ltr'>ac</span> <span class='ocrx_word' id='word_1_50' title='bbox 280 772 505 823; x_wconf 78' lang='lat' dir='ltr'>praecipue</span> <span class='ocrx_word' id='word_1_51' title='bbox 538 787 561 810; x_wconf 93' lang='lat' dir='ltr'>a</span> <span class='ocrx_word' id='word_1_52' title='bbox 608 771 876 823; x_wconf 87' lang='lat' dir='ltr'>primoribus,</span> <span class='ocrx_word' id='word_1_53' title='bbox 927 779 1014 810; x_wconf 88' lang='lat' dir='ltr'>turn</span> <span class='ocrx_word' id='word_1_54' title='bbox 1064 770 1222 821; x_wconf 88' lang='lat' dir='ltr'>populi,</span> <span class='ocrx_word' id='word_1_55' title='bbox 1272 779 1360 809; x_wconf 92' lang='lat' dir='ltr'>tum</span> <span class='ocrx_word' id='word_1_56' title='bbox 1395 771 1517 815; x_wconf 76' lang='lat' dir='ltr'>Cleri.</span> <span class='ocrx_word' id='word_1_57' title='bbox 1568 771 1754 810; x_wconf 84' lang='lat' dir='ltr'>Aloisius</span> 
     </span>
     <span class='ocr_line' id='line_1_9' title="bbox 187 842 1755 894; baseline -0.001 -11"><span class='ocrx_word' id='word_1_58' title='bbox 187 844 347 890; x_wconf 79' lang='lat' dir='ltr'>Canoz,</span> <span class='ocrx_word' id='word_1_59' title='bbox 385 843 702 882; x_wconf 85' lang='lat' dir='ltr'>Madurensium</span> <span class='ocrx_word' id='word_1_60' title='bbox 738 842 996 894; x_wconf 78' lang='lat' dir='ltr'>Episcopus,</span> <span class='ocrx_word' id='word_1_61' title='bbox 1037 856 1132 880; x_wconf 89' lang='lat' dir='ltr'>eum</span> <span class='ocrx_word' id='word_1_62' title='bbox 1173 842 1232 881; x_wconf 92' lang='lat' dir='ltr'>uti</span> <span class='ocrx_word' id='word_1_63' title='bbox 1281 842 1530 893; x_wconf 76' lang='lat' dir='ltr'>theologum</span> <span class='ocrx_word' id='word_1_64' title='bbox 1576 842 1654 881; x_wconf 90' lang='lat' dir='ltr'>sibi</span> <span class='ocrx_word' id='word_1_65' title='bbox 1688 843 1755 881; x_wconf 89' lang='lat' dir='ltr'>ad-</span> 
     </span>
     <span class='ocr_line' id='line_1_10' title="bbox 184 913 1753 961; baseline -0.001 -7"><span class='ocrx_word' id='word_1_66' title='bbox 184 915 317 961; x_wconf 88' lang='lat' dir='ltr'>scivit,</span> <span class='ocrx_word' id='word_1_67' title='bbox 353 923 393 954; x_wconf 93' lang='lat' dir='ltr'>et</span> <span class='ocrx_word' id='word_1_68' title='bbox 426 929 568 954; x_wconf 88' lang='lat' dir='ltr'>secum</span> <span class='ocrx_word' id='word_1_69' title='bbox 604 916 783 953; x_wconf 89' lang='lat' dir='ltr'>Romam</span> <span class='ocrx_word' id='word_1_70' title='bbox 817 914 948 960; x_wconf 85' lang='lat' dir='ltr'>duxit,</span> <span class='ocrx_word' id='word_1_71' title='bbox 984 921 1030 952; x_wconf 89' lang='lat' dir='ltr'>ut</span> <span class='ocrx_word' id='word_1_72' title='bbox 1063 913 1252 952; x_wconf 88' lang='lat' dir='ltr'>Concilio</span> <span class='ocrx_word' id='word_1_73' title='bbox 1285 913 1500 960; x_wconf 85' lang='lat' dir='ltr'>Vaticano,</span> <span class='ocrx_word' id='word_1_74' title='bbox 1536 928 1559 952; x_wconf 91' lang='lat' dir='ltr'>a</span> <span class='ocrx_word' id='word_1_75' title='bbox 1594 913 1668 953; x_wconf 86' lang='lat' dir='ltr'>Pio</span> <span class='ocrx_word' id='word_1_76' title='bbox 1692 915 1753 952; x_wconf 86' lang='lat' dir='ltr'>IX</span> 
     </span>
     <span class='ocr_line' id='line_1_11' title="bbox 186 985 1751 1031; baseline -0.001 -6"><span class='ocrx_word' id='word_1_77' title='bbox 186 986 388 1025; x_wconf 89' lang='lat' dir='ltr'>Pontifice</span> <span class='ocrx_word' id='word_1_78' title='bbox 438 986 636 1031; x_wconf 81' lang='lat' dir='ltr'>Maximo,</span> <span class='ocrx_word' id='word_1_79' title='bbox 686 999 796 1024; x_wconf 90' lang='lat' dir='ltr'>anno</span> <span class='ocrx_word' id='word_1_80' title='bbox 840 996 1109 1030; x_wconf 82' lang='lat' dir='ltr'>MDCCCLXX,</span> <span class='ocrx_word' id='word_1_81' title='bbox 1145 985 1314 1029; x_wconf 86' lang='lat' dir='ltr'>indicto,</span> <span class='ocrx_word' id='word_1_82' title='bbox 1366 985 1597 1024; x_wconf 87' lang='lat' dir='ltr'>interesset.</span> <span class='ocrx_word' id='word_1_83' title='bbox 1643 986 1751 1024; x_wconf 90' lang='lat' dir='ltr'>Nam</span> 
     </span>
     <span class='ocr_line' id='line_1_12' title="bbox 184 1057 1750 1109; baseline -0.001 -12"><span class='ocrx_word' id='word_1_84' title='bbox 184 1058 272 1097; x_wconf 89' lang='lat' dir='ltr'>eius</span> <span class='ocrx_word' id='word_1_85' title='bbox 319 1059 531 1109; x_wconf 84' lang='lat' dir='ltr'>pietatem,</span> <span class='ocrx_word' id='word_1_86' title='bbox 576 1057 808 1097; x_wconf 81' lang='lat' dir='ltr'>doctrinam</span> <span class='ocrx_word' id='word_1_87' title='bbox 852 1065 893 1095; x_wconf 89' lang='lat' dir='ltr'>et</span> <span class='ocrx_word' id='word_1_88' title='bbox 936 1070 1073 1095; x_wconf 88' lang='lat' dir='ltr'>rerum</span> <span class='ocrx_word' id='word_1_89' title='bbox 1116 1070 1237 1095; x_wconf 89' lang='lat' dir='ltr'>usum</span> <span class='ocrx_word' id='word_1_90' title='bbox 1283 1057 1442 1107; x_wconf 89' lang='lat' dir='ltr'>oppido</span> <span class='ocrx_word' id='word_1_91' title='bbox 1486 1065 1750 1107; x_wconf 87' lang='lat' dir='ltr'>compertum</span> 
     </span>
     <span class='ocr_line' id='line_1_13' title="bbox 183 1127 1752 1180; baseline -0.001 -12"><span class='ocrx_word' id='word_1_92' title='bbox 183 1130 381 1175; x_wconf 87' lang='lat' dir='ltr'>habebat,</span> <span class='ocrx_word' id='word_1_93' title='bbox 431 1137 577 1180; x_wconf 89' lang='lat' dir='ltr'>utpote</span> <span class='ocrx_word' id='word_1_94' title='bbox 625 1129 697 1180; x_wconf 84' lang='lat' dir='ltr'>qui</span> <span class='ocrx_word' id='word_1_95' title='bbox 746 1129 785 1167; x_wconf 92' lang='lat' dir='ltr'>in</span> <span class='ocrx_word' id='word_1_96' title='bbox 834 1128 1098 1180; x_wconf 79' lang='lat' dir='ltr'>gravioribus</span> <span class='ocrx_word' id='word_1_97' title='bbox 1147 1142 1245 1166; x_wconf 91' lang='lat' dir='ltr'>suae</span> <span class='ocrx_word' id='word_1_98' title='bbox 1293 1127 1496 1167; x_wconf 87' lang='lat' dir='ltr'>dioecesis</span> <span class='ocrx_word' id='word_1_99' title='bbox 1546 1128 1752 1179; x_wconf 86' lang='lat' dir='ltr'>quaestio-</span> 
     </span>
     <span class='ocr_line' id='line_1_14' title="bbox 184 1199 1750 1251; baseline -0.001 -11"><span class='ocrx_word' id='word_1_100' title='bbox 184 1201 319 1244; x_wconf 79' lang='lat' dir='ltr'>nibus,</span> <span class='ocrx_word' id='word_1_101' title='bbox 354 1201 443 1240; x_wconf 89' lang='lat' dir='ltr'>eius</span> <span class='ocrx_word' id='word_1_102' title='bbox 491 1201 666 1240; x_wconf 89' lang='lat' dir='ltr'>consilio</span> <span class='ocrx_word' id='word_1_103' title='bbox 709 1200 977 1251; x_wconf 77' lang='lat' dir='ltr'>saepissimae</span> <span class='ocrx_word' id='word_1_104' title='bbox 1026 1214 1125 1238; x_wconf 89' lang='lat' dir='ltr'>usus</span> <span class='ocrx_word' id='word_1_105' title='bbox 1175 1208 1296 1238; x_wconf 89' lang='lat' dir='ltr'>esset.</span> <span class='ocrx_word' id='word_1_106' title='bbox 1348 1200 1492 1239; x_wconf 84' lang='lat' dir='ltr'>Gallus</span> <span class='ocrx_word' id='word_1_107' title='bbox 1526 1199 1750 1238; x_wconf 92' lang='lat' dir='ltr'>triennium</span> 
     </span>
     <span class='ocr_line' id='line_1_15' title="bbox 184 1270 1753 1322; baseline -0.001 -12"><span class='ocrx_word' id='word_1_108' title='bbox 184 1272 225 1310; x_wconf 88' lang='lat' dir='ltr'>in</span> <span class='ocrx_word' id='word_1_109' title='bbox 248 1273 363 1311; x_wconf 86' lang='lat' dir='ltr'>Urbe</span> <span class='ocrx_word' id='word_1_110' title='bbox 396 1271 595 1318; x_wconf 88' lang='lat' dir='ltr'>constitit,</span> <span class='ocrx_word' id='word_1_111' title='bbox 631 1285 714 1310; x_wconf 91' lang='lat' dir='ltr'>non</span> <span class='ocrx_word' id='word_1_112' title='bbox 740 1270 866 1309; x_wconf 91' lang='lat' dir='ltr'>modo</span> <span class='ocrx_word' id='word_1_113' title='bbox 896 1279 940 1309; x_wconf 94' lang='lat' dir='ltr'>ut</span> <span class='ocrx_word' id='word_1_114' title='bbox 962 1270 1163 1321; x_wconf 77' lang='lat' dir='ltr'>theologi.</span> <span class='ocrx_word' id='word_1_115' title='bbox 1196 1270 1292 1309; x_wconf 93' lang='lat' dir='ltr'>dein</span> <span class='ocrx_word' id='word_1_116' title='bbox 1328 1270 1518 1309; x_wconf 89' lang='lat' dir='ltr'>eiusdem</span> <span class='ocrx_word' id='word_1_117' title='bbox 1554 1270 1753 1322; x_wconf 83' lang='lat' dir='ltr'>Episcopi</span> 
     </span>
     <span class='ocr_line' id='line_1_16' title="bbox 185 1341 1752 1394; baseline -0.002 -12"><span class='ocrx_word' id='word_1_118' title='bbox 185 1343 469 1394; x_wconf 83' lang='lat' dir='ltr'>procuratoris</span> <span class='ocrx_word' id='word_1_119' title='bbox 505 1357 656 1381; x_wconf 90' lang='lat' dir='ltr'>munus</span> <span class='ocrx_word' id='word_1_120' title='bbox 689 1342 835 1387; x_wconf 84' lang='lat' dir='ltr'>obiret,</span> <span class='ocrx_word' id='word_1_121' title='bbox 872 1342 945 1380; x_wconf 92' lang='lat' dir='ltr'>sed</span> <span class='ocrx_word' id='word_1_122' title='bbox 978 1341 1102 1381; x_wconf 88' lang='lat' dir='ltr'>etiam</span> <span class='ocrx_word' id='word_1_123' title='bbox 1126 1350 1171 1380; x_wconf 91' lang='lat' dir='ltr'>ut</span> <span class='ocrx_word' id='word_1_124' title='bbox 1194 1355 1300 1392; x_wconf 88' lang='lat' dir='ltr'>opus</span> <span class='ocrx_word' id='word_1_125' title='bbox 1325 1342 1609 1393; x_wconf 78' lang='lat' dir='ltr'>theologicum</span> <span class='ocrx_word' id='word_1_126' title='bbox 1634 1342 1752 1392; x_wconf 88' lang='lat' dir='ltr'>perfi-</span> 
     </span>
     <span class='ocr_line' id='line_1_17' title="bbox 184 1412 1751 1464; baseline -0.002 -11"><span class='ocrx_word' id='word_1_127' title='bbox 184 1423 308 1459; x_wconf 88' lang='lat' dir='ltr'>ceret,</span> <span class='ocrx_word' id='word_1_128' title='bbox 328 1423 369 1453; x_wconf 90' lang='lat' dir='ltr'>et</span> <span class='ocrx_word' id='word_1_129' title='bbox 387 1414 426 1452; x_wconf 90' lang='lat' dir='ltr'>in</span> <span class='ocrx_word' id='word_1_130' title='bbox 447 1414 580 1452; x_wconf 87' lang='lat' dir='ltr'>lucem</span> <span class='ocrx_word' id='word_1_131' title='bbox 595 1414 749 1459; x_wconf 77' lang='lat' dir='ltr'>ederet,</span> <span class='ocrx_word' id='word_1_132' title='bbox 777 1413 892 1464; x_wconf 88' lang='lat' dir='ltr'>quod</span> <span class='ocrx_word' id='word_1_133' title='bbox 912 1412 1121 1463; x_wconf 84' lang='lat' dir='ltr'>inscripsit</span> <span class='ocrx_word' id='word_1_134' title='bbox 1156 1413 1379 1463; x_wconf 73' lang='lat' dir='ltr'>Suppetiae</span> <span class='ocrx_word' id='word_1_135' title='bbox 1396 1413 1623 1463; x_wconf 70' lang='lat' dir='ltr'>Evangelii</span> <span class='ocrx_word' id='word_1_136' title='bbox 1627 1418 1751 1463; x_wconf 74' lang='lat' dir='ltr'>prae-</span> 
     </span>
     <span class='ocr_line' id='line_1_18' title="bbox 184 1484 1750 1536; baseline -0.002 -12"><span class='ocrx_word' id='word_1_137' title='bbox 184 1486 376 1532; x_wconf 64' lang='lat' dir='ltr'>comibus,</span> <span class='ocrx_word' id='word_1_138' title='bbox 425 1487 502 1536; x_wconf 77' lang='lat' dir='ltr'>qui</span> <span class='ocrx_word' id='word_1_139' title='bbox 540 1485 837 1523; x_wconf 70' lang='lat' dir='ltr'>Madurcnsem</span> <span class='ocrx_word' id='word_1_140' title='bbox 882 1486 1114 1522; x_wconf 72' lang='lat'>7222&#39;552&#39;0726772</span> <span class='ocrx_word' id='word_1_141' title='bbox 1164 1485 1385 1529; x_wconf 67' lang='lat' dir='ltr'>excolunt,</span> <span class='ocrx_word' id='word_1_142' title='bbox 1435 1484 1604 1522; x_wconf 77' lang='lat' dir='ltr'>oblatae.</span> <span class='ocrx_word' id='word_1_143' title='bbox 1656 1484 1750 1522; x_wconf 92' lang='lat' dir='ltr'>Hoc</span> 
     </span>
     <span class='ocr_line' id='line_1_19' title="bbox 185 1553 1753 1607; baseline -0.002 -12"><span class='ocrx_word' id='word_1_144' title='bbox 185 1556 299 1595; x_wconf 91' lang='lat' dir='ltr'>edito</span> <span class='ocrx_word' id='word_1_145' title='bbox 333 1570 471 1607; x_wconf 86' lang='lat' dir='ltr'>opere,</span> <span class='ocrx_word' id='word_1_146' title='bbox 507 1563 709 1607; x_wconf 89' lang='lat' dir='ltr'>quantum</span> <span class='ocrx_word' id='word_1_147' title='bbox 745 1555 784 1593; x_wconf 90' lang='lat' dir='ltr'>in</span> <span class='ocrx_word' id='word_1_148' title='bbox 824 1554 1049 1605; x_wconf 70' lang='lat' dir='ltr'>theologia,</span> <span class='ocrx_word' id='word_1_149' title='bbox 1090 1568 1196 1605; x_wconf 87' lang='lat' dir='ltr'>quae</span> <span class='ocrx_word' id='word_1_150' title='bbox 1236 1554 1288 1592; x_wconf 91' lang='lat' dir='ltr'>de</span> <span class='ocrx_word' id='word_1_151' title='bbox 1332 1553 1519 1592; x_wconf 89' lang='lat' dir='ltr'>moribus</span> <span class='ocrx_word' id='word_1_152' title='bbox 1552 1553 1652 1605; x_wconf 75' lang='lat' dir='ltr'>agit.</span> <span class='ocrx_word' id='word_1_153' title='bbox 1687 1568 1753 1593; x_wconf 73' lang='lat' dir='ltr'>ex-</span> 
     </span>
     <span class='ocr_line' id='line_1_20' title="bbox 184 1624 1752 1676; baseline -0.002 -11"><span class='ocrx_word' id='word_1_154' title='bbox 184 1627 362 1673; x_wconf 88' lang='lat' dir='ltr'>celleret,</span> <span class='ocrx_word' id='word_1_155' title='bbox 399 1626 550 1664; x_wconf 88' lang='lat' dir='ltr'>mirum</span> <span class='ocrx_word' id='word_1_156' title='bbox 585 1626 625 1664; x_wconf 93' lang='lat' dir='ltr'>in</span> <span class='ocrx_word' id='word_1_157' title='bbox 659 1626 831 1664; x_wconf 89' lang='lat' dir='ltr'>modum</span> <span class='ocrx_word' id='word_1_158' title='bbox 867 1625 1058 1664; x_wconf 89' lang='lat' dir='ltr'>innotuit.</span> <span class='ocrx_word' id='word_1_159' title='bbox 1095 1626 1243 1676; x_wconf 83' lang='lat' dir='ltr'>Neque</span> <span class='ocrx_word' id='word_1_160' title='bbox 1276 1624 1413 1663; x_wconf 90' lang='lat' dir='ltr'>minus</span> <span class='ocrx_word' id='word_1_161' title='bbox 1446 1624 1618 1663; x_wconf 87' lang='lat' dir='ltr'>scientia</span> <span class='ocrx_word' id='word_1_162' title='bbox 1649 1625 1752 1663; x_wconf 89' lang='lat' dir='ltr'>chri-</span> 
     </span>
     <span class='ocr_line' id='line_1_21' title="bbox 184 1695 1748 1748; baseline -0.001 -12"><span class='ocrx_word' id='word_1_163' title='bbox 184 1698 416 1737; x_wconf 86' lang='lat' dir='ltr'>stianorum</span> <span class='ocrx_word' id='word_1_164' title='bbox 460 1698 721 1748; x_wconf 79' lang='lat' dir='ltr'>dogmatum,</span> <span class='ocrx_word' id='word_1_165' title='bbox 772 1696 981 1735; x_wconf 83' lang='lat' dir='ltr'>Ecclesiae</span> <span class='ocrx_word' id='word_1_166' title='bbox 1024 1696 1135 1741; x_wconf 88' lang='lat' dir='ltr'>iuris,</span> <span class='ocrx_word' id='word_1_167' title='bbox 1181 1705 1308 1746; x_wconf 80' lang='lat' dir='ltr'>atque</span> <span class='ocrx_word' id='word_1_168' title='bbox 1348 1695 1547 1735; x_wconf 90' lang='lat' dir='ltr'>Indorum</span> <span class='ocrx_word' id='word_1_169' title='bbox 1581 1695 1748 1739; x_wconf 82' lang='lat' dir='ltr'>rituum,</span> 
     </span>
     <span class='ocr_line' id='line_1_22' title="bbox 183 1765 1748 1820; baseline -0.002 -13"><span class='ocrx_word' id='word_1_170' title='bbox 183 1769 338 1820; x_wconf 78' lang='lat' dir='ltr'>legum,</span> <span class='ocrx_word' id='word_1_171' title='bbox 374 1782 421 1807; x_wconf 82' lang='lat' dir='ltr'>ac</span> <span class='ocrx_word' id='word_1_172' title='bbox 454 1782 630 1811; x_wconf 77' lang='lat' dir='ltr'>morum.</span> <span class='ocrx_word' id='word_1_173' title='bbox 666 1782 749 1819; x_wconf 86' lang='lat' dir='ltr'>qua</span> <span class='ocrx_word' id='word_1_174' title='bbox 782 1767 927 1806; x_wconf 84' lang='lat' dir='ltr'>Gallus</span> <span class='ocrx_word' id='word_1_175' title='bbox 960 1767 1156 1818; x_wconf 79' lang='lat' dir='ltr'>pollebat,</span> <span class='ocrx_word' id='word_1_176' title='bbox 1191 1781 1241 1805; x_wconf 82' lang='lat' dir='ltr'>ex</span> <span class='ocrx_word' id='word_1_177' title='bbox 1275 1766 1423 1805; x_wconf 88' lang='lat' dir='ltr'>eodem</span> <span class='ocrx_word' id='word_1_178' title='bbox 1448 1780 1575 1817; x_wconf 93' lang='lat' dir='ltr'>opere</span> <span class='ocrx_word' id='word_1_179' title='bbox 1607 1765 1748 1805; x_wconf 85' lang='lat' dir='ltr'>eluxit.</span> 
     </span>
     <span class='ocr_line' id='line_1_23' title="bbox 186 1837 1750 1891; baseline -0.001 -13"><span class='ocrx_word' id='word_1_180' title='bbox 186 1841 280 1891; x_wconf 73' lang='lat' dir='ltr'>Qua</span> <span class='ocrx_word' id='word_1_181' title='bbox 312 1840 365 1878; x_wconf 90' lang='lat' dir='ltr'>de</span> <span class='ocrx_word' id='word_1_182' title='bbox 398 1854 522 1878; x_wconf 88' lang='lat' dir='ltr'>causa</span> <span class='ocrx_word' id='word_1_183' title='bbox 555 1839 778 1878; x_wconf 87' lang='lat' dir='ltr'>maximam</span> <span class='ocrx_word' id='word_1_184' title='bbox 813 1838 854 1877; x_wconf 92' lang='lat' dir='ltr'>in</span> <span class='ocrx_word' id='word_1_185' title='bbox 897 1838 1121 1877; x_wconf 89' lang='lat' dir='ltr'>christiana</span> <span class='ocrx_word' id='word_1_186' title='bbox 1165 1837 1393 1889; x_wconf 87' lang='lat' dir='ltr'>republica,</span> <span class='ocrx_word' id='word_1_187' title='bbox 1428 1852 1474 1876; x_wconf 88' lang='lat' dir='ltr'>ac</span> <span class='ocrx_word' id='word_1_188' title='bbox 1506 1837 1750 1888; x_wconf 89' lang='lat' dir='ltr'>praesertim</span> 
     </span>
     <span class='ocr_line' id='line_1_24' title="bbox 185 1908 1749 1953; baseline -0.002 -4"><span class='ocrx_word' id='word_1_189' title='bbox 185 1910 225 1949; x_wconf 89' lang='lat' dir='ltr'>in</span> <span class='ocrx_word' id='word_1_190' title='bbox 274 1911 376 1949; x_wconf 91' lang='lat' dir='ltr'>urbe</span> <span class='ocrx_word' id='word_1_191' title='bbox 425 1911 562 1949; x_wconf 89' lang='lat' dir='ltr'>Roma</span> <span class='ocrx_word' id='word_1_192' title='bbox 609 1919 649 1950; x_wconf 89' lang='lat' dir='ltr'>et</span> <span class='ocrx_word' id='word_1_193' title='bbox 697 1909 738 1948; x_wconf 91' lang='lat' dir='ltr'>in</span> <span class='ocrx_word' id='word_1_194' title='bbox 788 1909 982 1948; x_wconf 88' lang='lat' dir='ltr'>Dioecesi</span> <span class='ocrx_word' id='word_1_195' title='bbox 1021 1908 1278 1953; x_wconf 87' lang='lat' dir='ltr'>madurensi‚</span> <span class='ocrx_word' id='word_1_196' title='bbox 1330 1908 1543 1947; x_wconf 90' lang='lat' dir='ltr'>doctrinae</span> <span class='ocrx_word' id='word_1_197' title='bbox 1584 1908 1749 1947; x_wconf 90' lang='lat' dir='ltr'>laudem</span> 
     </span>
     <span class='ocr_line' id='line_1_25' title="bbox 185 1981 292 2021; baseline -0.009 0"><span class='ocrx_word' id='word_1_198' title='bbox 185 1981 292 2021; x_wconf 83' lang='lat' dir='ltr'>tulit.</span> 
     </span>
    </p>

    <p class='ocr_par' dir='ltr' id='par_1_4' title="bbox 179 2050 1752 2813">
     <span class='ocr_line' id='line_1_26' title="bbox 273 2050 1750 2104; baseline -0.002 -13"><span class='ocrx_word' id='word_1_199' title='bbox 273 2053 402 2104; x_wconf 86' lang='lat' dir='ltr'>Apud</span> <span class='ocrx_word' id='word_1_200' title='bbox 436 2053 564 2091; x_wconf 84' lang='lat' dir='ltr'>Indos</span> <span class='ocrx_word' id='word_1_201' title='bbox 598 2066 833 2103; x_wconf 79' lang='lat' dir='ltr'>regressus,</span> <span class='ocrx_word' id='word_1_202' title='bbox 873 2052 925 2090; x_wconf 91' lang='lat' dir='ltr'>ad</span> <span class='ocrx_word' id='word_1_203' title='bbox 966 2050 1278 2102; x_wconf 87' lang='lat' dir='ltr'>philosophiam</span> <span class='ocrx_word' id='word_1_204' title='bbox 1323 2050 1472 2089; x_wconf 88' lang='lat' dir='ltr'>iterum</span> <span class='ocrx_word' id='word_1_205' title='bbox 1506 2050 1750 2089; x_wconf 86' lang='lat' dir='ltr'>tradendam</span> 
     </span>
     <span class='ocr_line' id='line_1_27' title="bbox 182 2121 1748 2175; baseline -0.002 -13"><span class='ocrx_word' id='word_1_206' title='bbox 182 2124 367 2163; x_wconf 90' lang='lat' dir='ltr'>animum</span> <span class='ocrx_word' id='word_1_207' title='bbox 402 2123 623 2175; x_wconf 74' lang='lat' dir='ltr'>applicuit,</span> <span class='ocrx_word' id='word_1_208' title='bbox 659 2124 893 2174; x_wconf 86' lang='lat' dir='ltr'>eodemque</span> <span class='ocrx_word' id='word_1_209' title='bbox 927 2131 1116 2173; x_wconf 89' lang='lat' dir='ltr'>tempore</span> <span class='ocrx_word' id='word_1_210' title='bbox 1145 2122 1249 2161; x_wconf 87' lang='lat' dir='ltr'>sacri</span> <span class='ocrx_word' id='word_1_211' title='bbox 1273 2121 1448 2173; x_wconf 87' lang='lat' dir='ltr'>ephebei</span> <span class='ocrx_word' id='word_1_212' title='bbox 1483 2121 1748 2160; x_wconf 86' lang='lat' dir='ltr'>Madurensis</span> 
     </span>
     <span class='ocr_line' id='line_1_28' title="bbox 182 2192 1752 2246; baseline -0.003 -12"><span class='ocrx_word' id='word_1_213' title='bbox 182 2196 371 2246; x_wconf 81' lang='lat' dir='ltr'>regimen</span> <span class='ocrx_word' id='word_1_214' title='bbox 404 2195 597 2233; x_wconf 89' lang='lat' dir='ltr'>obtinuit.</span> <span class='ocrx_word' id='word_1_215' title='bbox 639 2195 802 2233; x_wconf 89' lang='lat' dir='ltr'>Interea</span> <span class='ocrx_word' id='word_1_216' title='bbox 843 2208 972 2245; x_wconf 85' lang='lat' dir='ltr'>quum</span> <span class='ocrx_word' id='word_1_217' title='bbox 1017 2193 1243 2239; x_wconf 88' lang='lat' dir='ltr'>Calcuttae‚</span> <span class='ocrx_word' id='word_1_218' title='bbox 1290 2192 1329 2230; x_wconf 93' lang='lat' dir='ltr'>in</span> <span class='ocrx_word' id='word_1_219' title='bbox 1364 2193 1465 2231; x_wconf 89' lang='lat' dir='ltr'>urbe</span> <span class='ocrx_word' id='word_1_220' title='bbox 1498 2192 1660 2231; x_wconf 88' lang='lat' dir='ltr'>indicae</span> <span class='ocrx_word' id='word_1_221' title='bbox 1693 2206 1752 2230; x_wconf 93' lang='lat' dir='ltr'>re-</span> 
     </span>
     <span class='ocr_line' id='line_1_29' title="bbox 182 2263 1748 2317; baseline -0.003 -12"><span class='ocrx_word' id='word_1_222' title='bbox 182 2267 321 2317; x_wconf 82' lang='lat' dir='ltr'>gionis</span> <span class='ocrx_word' id='word_1_223' title='bbox 353 2266 622 2317; x_wconf 75' lang='lat' dir='ltr'>amplissima,</span> <span class='ocrx_word' id='word_1_224' title='bbox 658 2279 836 2317; x_wconf 82' lang='lat' dir='ltr'>magnus</span> <span class='ocrx_word' id='word_1_225' title='bbox 859 2273 1090 2304; x_wconf 87' lang='lat' dir='ltr'>conventus</span> <span class='ocrx_word' id='word_1_226' title='bbox 1113 2264 1277 2316; x_wconf 83' lang='lat' dir='ltr'>legibus</span> <span class='ocrx_word' id='word_1_227' title='bbox 1301 2263 1481 2302; x_wconf 86' lang='lat' dir='ltr'>ferendis</span> <span class='ocrx_word' id='word_1_228' title='bbox 1515 2263 1748 2307; x_wconf 82' lang='lat' dir='ltr'>haberetur,</span> 
     </span>
     <span class='ocr_line' id='line_1_30' title="bbox 186 2335 1749 2389; baseline -0.003 -13"><span class='ocrx_word' id='word_1_229' title='bbox 186 2337 387 2389; x_wconf 89' lang='lat' dir='ltr'>Episcopi</span> <span class='ocrx_word' id='word_1_230' title='bbox 422 2337 565 2375; x_wconf 89' lang='lat' dir='ltr'>Indiae</span> <span class='ocrx_word' id='word_1_231' title='bbox 610 2336 894 2375; x_wconf 87' lang='lat' dir='ltr'>meridionalis</span> <span class='ocrx_word' id='word_1_232' title='bbox 937 2336 1038 2374; x_wconf 90' lang='lat' dir='ltr'>nihil</span> <span class='ocrx_word' id='word_1_233' title='bbox 1081 2335 1292 2386; x_wconf 83' lang='lat' dir='ltr'>antiquius</span> <span class='ocrx_word' id='word_1_234' title='bbox 1330 2342 1589 2385; x_wconf 87' lang='lat' dir='ltr'>reputarunt,</span> <span class='ocrx_word' id='word_1_235' title='bbox 1625 2348 1749 2385; x_wconf 85' lang='lat' dir='ltr'>quam</span> 
     </span>
     <span class='ocr_line' id='line_1_31' title="bbox 183 2405 1752 2458; baseline -0.003 -11"><span class='ocrx_word' id='word_1_236' title='bbox 183 2409 351 2448; x_wconf 88' lang='lat' dir='ltr'>Gallum</span> <span class='ocrx_word' id='word_1_237' title='bbox 402 2407 502 2446; x_wconf 88' lang='lat' dir='ltr'>iuris</span> <span class='ocrx_word' id='word_1_238' title='bbox 552 2407 769 2458; x_wconf 84' lang='lat' dir='ltr'>utriusque</span> <span class='ocrx_word' id='word_1_239' title='bbox 816 2406 1171 2446; x_wconf 87' lang='lat' dir='ltr'>consultissimum</span> <span class='ocrx_word' id='word_1_240' title='bbox 1221 2406 1316 2444; x_wconf 90' lang='lat' dir='ltr'>illuc</span> <span class='ocrx_word' id='word_1_241' title='bbox 1366 2405 1541 2449; x_wconf 80' lang='lat' dir='ltr'>mittere,</span> <span class='ocrx_word' id='word_1_242' title='bbox 1577 2419 1661 2455; x_wconf 88' lang='lat' dir='ltr'>quo</span> <span class='ocrx_word' id='word_1_243' title='bbox 1695 2405 1752 2442; x_wconf 92' lang='lat' dir='ltr'>ni-</span> 
     </span>
     <span class='ocr_line' id='line_1_32' title="bbox 181 2476 1751 2529; baseline -0.003 -12"><span class='ocrx_word' id='word_1_244' title='bbox 181 2479 333 2517; x_wconf 89' lang='lat' dir='ltr'>mirum</span> <span class='ocrx_word' id='word_1_245' title='bbox 368 2487 544 2523; x_wconf 81' lang='lat' dir='ltr'>caveret,</span> <span class='ocrx_word' id='word_1_246' title='bbox 581 2493 631 2517; x_wconf 93' lang='lat' dir='ltr'>ne</span> <span class='ocrx_word' id='word_1_247' title='bbox 664 2478 766 2529; x_wconf 87' lang='lat' dir='ltr'>quid</span> <span class='ocrx_word' id='word_1_248' title='bbox 799 2486 943 2516; x_wconf 86' lang='lat' dir='ltr'>contra</span> <span class='ocrx_word' id='word_1_249' title='bbox 977 2477 1290 2516; x_wconf 86' lang='lat' dir='ltr'>Catholicorum</span> <span class='ocrx_word' id='word_1_250' title='bbox 1324 2476 1423 2521; x_wconf 89' lang='lat' dir='ltr'>iura,</span> <span class='ocrx_word' id='word_1_251' title='bbox 1459 2489 1602 2514; x_wconf 90' lang='lat' dir='ltr'>eorum</span> <span class='ocrx_word' id='word_1_252' title='bbox 1638 2489 1751 2526; x_wconf 87' lang='lat' dir='ltr'>prae-</span> 
     </span>
     <span class='ocr_line' id='line_1_33' title="bbox 182 2546 1748 2600; baseline -0.003 -11"><span class='ocrx_word' id='word_1_253' title='bbox 182 2550 325 2589; x_wconf 86' lang='lat' dir='ltr'>sertim</span> <span class='ocrx_word' id='word_1_254' title='bbox 360 2549 429 2600; x_wconf 86' lang='lat' dir='ltr'>qui</span> <span class='ocrx_word' id='word_1_255' title='bbox 474 2549 741 2588; x_wconf 88' lang='lat' dir='ltr'>matrimonio</span> <span class='ocrx_word' id='word_1_256' title='bbox 786 2548 1028 2599; x_wconf 80' lang='lat' dir='ltr'>iunguntur,</span> <span class='ocrx_word' id='word_1_257' title='bbox 1078 2555 1342 2587; x_wconf 88' lang='lat' dir='ltr'>statueretur.</span> <span class='ocrx_word' id='word_1_258' title='bbox 1394 2547 1542 2597; x_wconf 85' lang='lat' dir='ltr'>Itaque</span> <span class='ocrx_word' id='word_1_259' title='bbox 1591 2546 1748 2590; x_wconf 83' lang='lat' dir='ltr'>Gallus,</span> 
     </span>
     <span class='ocr_line' id='line_1_34' title="bbox 182 2616 1750 2672; baseline -0.003 -13"><span class='ocrx_word' id='word_1_260' title='bbox 182 2621 258 2660; x_wconf 89' lang='lat' dir='ltr'>hac</span> <span class='ocrx_word' id='word_1_261' title='bbox 291 2620 508 2672; x_wconf 85' lang='lat' dir='ltr'>provincia</span> <span class='ocrx_word' id='word_1_262' title='bbox 541 2628 747 2671; x_wconf 86' lang='lat' dir='ltr'>suscepta,</span> <span class='ocrx_word' id='word_1_263' title='bbox 783 2628 908 2665; x_wconf 85' lang='lat' dir='ltr'>tanta,</span> <span class='ocrx_word' id='word_1_264' title='bbox 944 2619 983 2657; x_wconf 91' lang='lat' dir='ltr'>in</span> <span class='ocrx_word' id='word_1_265' title='bbox 1008 2619 1152 2657; x_wconf 82' lang='lat' dir='ltr'>eadem</span> <span class='ocrx_word' id='word_1_266' title='bbox 1177 2618 1518 2661; x_wconf 82' lang='lat' dir='ltr'>administranda,</span> <span class='ocrx_word' id='word_1_267' title='bbox 1556 2616 1750 2655; x_wconf 88' lang='lat' dir='ltr'>felicitate</span> 
     </span>
     <span class='ocr_line' id='line_1_35' title="bbox 179 2687 1747 2739; baseline -0.003 -9"><span class='ocrx_word' id='word_1_268' title='bbox 179 2700 242 2730; x_wconf 88' lang='lat' dir='ltr'>est</span> <span class='ocrx_word' id='word_1_269' title='bbox 276 2706 387 2737; x_wconf 88' lang='lat' dir='ltr'>usus,</span> <span class='ocrx_word' id='word_1_270' title='bbox 423 2700 467 2730; x_wconf 91' lang='lat' dir='ltr'>ut</span> <span class='ocrx_word' id='word_1_271' title='bbox 500 2690 749 2730; x_wconf 76' lang='lat' dir='ltr'>adversariis</span> <span class='ocrx_word' id='word_1_272' title='bbox 782 2690 834 2728; x_wconf 85' lang='lat' dir='ltr'>ad</span> <span class='ocrx_word' id='word_1_273' title='bbox 873 2690 1017 2729; x_wconf 90' lang='lat' dir='ltr'>incitas</span> <span class='ocrx_word' id='word_1_274' title='bbox 1041 2689 1231 2735; x_wconf 89' lang='lat' dir='ltr'>redactis,</span> <span class='ocrx_word' id='word_1_275' title='bbox 1257 2688 1423 2739; x_wconf 87' lang='lat' dir='ltr'>plenam</span> <span class='ocrx_word' id='word_1_276' title='bbox 1457 2688 1508 2726; x_wconf 89' lang='lat' dir='ltr'>de</span> <span class='ocrx_word' id='word_1_277' title='bbox 1532 2687 1747 2727; x_wconf 89' lang='lat' dir='ltr'>doctrinae</span> 
     </span>
     <span class='ocr_line' id='line_1_36' title="bbox 182 2759 1563 2813; baseline -0.003 -12"><span class='ocrx_word' id='word_1_278' title='bbox 182 2777 228 2802; x_wconf 86' lang='lat' dir='ltr'>ac</span> <span class='ocrx_word' id='word_1_279' title='bbox 261 2763 505 2813; x_wconf 87' lang='lat' dir='ltr'>disciplinae</span> <span class='ocrx_word' id='word_1_280' title='bbox 539 2762 766 2801; x_wconf 81' lang='lat' dir='ltr'>catholicae</span> <span class='ocrx_word' id='word_1_281' title='bbox 799 2761 991 2800; x_wconf 89' lang='lat' dir='ltr'>hostibus</span> <span class='ocrx_word' id='word_1_282' title='bbox 1024 2760 1240 2799; x_wconf 83' lang='lat' dir='ltr'>victoriam</span> <span class='ocrx_word' id='word_1_283' title='bbox 1276 2759 1563 2810; x_wconf 80' lang='lat' dir='ltr'>reportaverit.</span> 
     </span>
    </p>

    <p class='ocr_par' dir='ltr' id='par_1_5' title="bbox 184 2830 1751 2955">
     <span class='ocr_line' id='line_1_37' title="bbox 272 2830 1751 2873; baseline -0.003 -1"><span class='ocrx_word' id='word_1_284' title='bbox 272 2835 452 2872; x_wconf 81' lang='lat' dir='ltr'>Romam</span> <span class='ocrx_word' id='word_1_285' title='bbox 487 2833 620 2872; x_wconf 84' lang='lat' dir='ltr'>serius</span> <span class='ocrx_word' id='word_1_286' title='bbox 653 2848 676 2871; x_wconf 87' lang='lat' dir='ltr'>a</span> <span class='ocrx_word' id='word_1_287' title='bbox 710 2832 863 2871; x_wconf 88' lang='lat' dir='ltr'>nostris</span> <span class='ocrx_word' id='word_1_288' title='bbox 908 2831 1242 2870; x_wconf 87' lang='lat' dir='ltr'>moderatoribus</span> <span class='ocrx_word' id='word_1_289' title='bbox 1286 2830 1437 2868; x_wconf 87' lang='lat' dir='ltr'>missus</span> <span class='ocrx_word' id='word_1_290' title='bbox 1471 2838 1545 2873; x_wconf 81' lang='lat' dir='ltr'>est.</span> <span class='ocrx_word' id='word_1_291' title='bbox 1582 2838 1627 2868; x_wconf 87' lang='lat' dir='ltr'>ut</span> <span class='ocrx_word' id='word_1_292' title='bbox 1659 2830 1751 2868; x_wconf 89' lang='lat' dir='ltr'>sub-</span> 
     </span>
     <span class='ocr_line' id='line_1_38' title="bbox 184 2900 1750 2955; baseline -0.003 -13"><span class='ocrx_word' id='word_1_293' title='bbox 184 2913 296 2942; x_wconf 78' lang='lat' dir='ltr'>ortas</span> <span class='ocrx_word' id='word_1_294' title='bbox 331 2904 370 2941; x_wconf 88' lang='lat' dir='ltr'>in</span> <span class='ocrx_word' id='word_1_295' title='bbox 406 2904 525 2942; x_wconf 85' lang='lat' dir='ltr'>India</span> <span class='ocrx_word' id='word_1_296' title='bbox 559 2904 824 2955; x_wconf 84' lang='lat' dir='ltr'>quaestiones</span> <span class='ocrx_word' id='word_1_297' title='bbox 847 2903 898 2941; x_wconf 90' lang='lat' dir='ltr'>de</span> <span class='ocrx_word' id='word_1_298' title='bbox 923 2902 1229 2953; x_wconf 87' lang='lat' dir='ltr'>Episcopornm</span> <span class='ocrx_word' id='word_1_299' title='bbox 1266 2900 1424 2939; x_wconf 90' lang='lat' dir='ltr'>iuribus</span> <span class='ocrx_word' id='word_1_300' title='bbox 1459 2900 1498 2938; x_wconf 89' lang='lat' dir='ltr'>in</span> <span class='ocrx_word' id='word_1_301' title='bbox 1533 2900 1750 2952; x_wconf 82' lang='lat' dir='ltr'>religiosas</span> 
     </span>
    </p>
   </div>
  </div>
 </body>
</html>
