1926 3200
825 213 1085 249 -ψ-

174 309 238 347 1115
272 308 477 350 undecim,
514 307 601 358 ipsa
635 306 675 344 in
709 307 809 344 urbe
843 304 1040 349 Taurino,
1076 305 1219 343 decem
1244 314 1339 355 post
1372 304 1520 343 (liebus
1553 316 1678 354 quam
1717 315 1739 340 e

173 379 326 418 nostris
359 378 554 417 domibus
587 377 748 428 expulsi
782 384 911 417 erant,
957 390 1043 414 rem
1087 375 1270 414 divinam
1315 375 1507 426 primitus
1540 374 1738 412 fecerunt.

174 450 313 501 Quod,
349 463 477 500 quum
512 448 768 500 periculosae
801 447 971 498 plenum
1016 460 1123 498 opus
1161 446 1273 485 aleae
1306 454 1427 489 esset,
1462 458 1545 496 qua
1577 443 1738 482 ratione

172 521 402 572 perfectum
437 520 502 562 sit,
538 519 681 570 paucis
716 519 830 558 iuvat
863 519 1027 557 referre.

267 591 321 630 Hi
356 591 507 642 itaque,
544 604 617 640 per
650 598 732 628 tres
756 589 844 628 dies
868 598 1011 634 statos,
1037 602 1058 626 e
1082 587 1255 639 privatis
1278 586 1486 631 domibus,
1523 585 1563 623 in
1587 584 1739 636 quibus

173 662 486 705 delitescebant,
522 674 686 698 summo
720 673 852 703 mane,
888 659 955 697 vix
987 659 1151 697 albente
1174 658 1300 702 caelo,
1336 671 1382 696 ac
1415 656 1588 695 mentita
1610 663 1738 696 veste.

171 733 348 772 (liversis
381 731 612 776 itineribus,
662 740 781 769 caute
829 730 1057 768 admodum
1092 729 1131 767 in
1164 729 1361 767 conclave
1409 727 1624 766 cuiusdam
1657 725 1740 764 soe-

173 804 308 842 minae
341 801 678 853 religiosissimae
721 810 1017 839 convenerunt.
1069 801 1231 838 Interea
1278 807 1471 837 strenuus
1515 797 1581 836 ille
1613 797 1740 847 Alge-

173 874 355 913 rensium
406 872 653 923 Episcopus,
698 871 950 922 cognomine
994 871 1188 921 Dupuch,
1233 884 1255 908 e
1294 869 1390 907 villa
1424 869 1661 907 suburbana
1696 866 1738 905 in

174 945 351 984 eandem
385 951 586 982 secretam
619 943 793 981 domum
827 942 1018 980 modesto
1051 955 1173 980 curru
1198 941 1398 986 invectus,
1434 954 1517 979 non
1550 939 1638 978 sine
1671 952 1739 989 pe-

172 1015 301 1054 riculo
335 1013 542 1052 incidendi
566 1013 605 1051 in
630 1013 856 1051 malevolos
880 1013 1186 1063 exploratores,
1211 1025 1254 1050 se
1277 1010 1463 1050 contulit.
1489 1009 1564 1056 Ibi,
1589 1009 1740 1048 clausis

172 1085 304 1124 ianuis
337 1099 383 1124 ac
416 1084 618 1129 fenestris,
668 1083 849 1122 demissa
896 1096 1010 1125 voce,
1056 1097 1195 1121 coram
1229 1082 1346 1121 altari
1379 1080 1584 1127 vectabili,
1619 1094 1735 1119 sacer

173 1156 276 1195 ritus
324 1164 386 1194 est
433 1163 637 1206 peractus,
688 1166 796 1205 quo*
820 1153 976 1192 scilicet
1023 1154 1075 1192 ad
1124 1167 1262 1192 sacros
1311 1152 1521 1191 Ecclesiae
1569 1151 1738 1190 ordines

173 1227 363 1269 maiores,
399 1226 558 1277 ingenti
592 1240 685 1264 cum
719 1225 887 1276 gaudio,
924 1225 1094 1263 iuvenes
1128 1224 1183 1262 illi
1217 1234 1314 1263 sunt
1351 1223 1553 1275 provecti.
1589 1223 1733 1273 Quum

171 1307 310 1337 autem
334 1297 360 1335 ii
394 1297 464 1348 qui
499 1297 667 1336 intentis
701 1296 830 1335 oculis
869 1305 994 1347 atque
1031 1295 1218 1342 auribus,
1264 1294 1451 1333 omnium
1496 1302 1736 1333 nostrorum

173 1369 378 1407 sodalium
426 1376 565 1407 motus
613 1367 898 1418 explorabant,
949 1367 989 1404 in
1032 1366 1313 1417 suspicionem
1352 1379 1489 1404 rerum
1523 1373 1737 1416 gestarum

171 1448 387 1481 venerunt,
430 1439 667 1477 sacerdotes
715 1437 950 1477 novensiles
997 1438 1110 1488 apud
1159 1437 1315 1483 Gallos,
1366 1437 1430 1474 vel
1464 1437 1628 1486 Belgas,
1670 1434 1737 1473 alii

169 1510 263 1554 alio,
299 1510 352 1548 ad
386 1524 513 1548 unum
548 1523 692 1548 01111165
717 1509 757 1547 111
781 1517 916 1547 tutum
940 1522 983 1547 se
1007 1517 1260 1559 receperant.
1285 1508 1343 1546 At
1365 1521 1465 1546 vero
1500 1507 1736 1557 Episcopus

172 1596 193 1619 e
227 1580 385 1619 ditione
418 1579 636 1630 subalpina
669 1579 777 1618 illico
811 1588 873 1618 est
905 1580 1114 1630 expulsus.

261 1652 361 1690 Post
393 1651 494 1689 haec
528 1651 715 1694 Pellicus,
752 1651 827 1689 sub
861 1651 1015 1689 exitum
1060 1650 1213 1689 mensis
1258 1650 1363 1689 Iunii
1402 1649 1590 1688 eiusdem
1624 1647 1734 1694 anni,

170 1736 252 1760 una
284 1736 379 1761 cum
414 1722 456 1759 P.
492 1722 732 1759 Alexandro
768 1721 906 1759 Ponza
928 1735 951 1759 a
974 1721 1015 1760 S.
1042 1721 1237 1765 Martino,
1273 1734 1397 1772 quem
1432 1719 1670 1771 nuperrime
1694 1719 1735 1757 111

169 1792 385 1845 provincia
417 1792 601 1843 regenda
632 1791 709 1830 sibi
759 1791 917 1830 socium
966 1792 1209 1838 adsciverat,
1246 1791 1286 1829 in
1320 1791 1499 1830 Galliam
1548 1789 1732 1836 secessit,

168 1873 294 1915 atque
328 1863 368 1901 in
401 1863 590 1913 ephebeo
626 1863 792 1901 Dolano
826 1862 903 1901 sibi
937 1863 1159 1901 stationem
1197 1863 1366 1913 delegit.
1413 1863 1509 1913 Quo
1542 1875 1635 1900 cum
1670 1875 1735 1899 ve-

168 1934 310 1978 nisset,
345 1933 564 1972 confestim
597 1933 649 1971 ad
683 1932 952 1984 magistratus
986 1933 1228 1984 subalpinos
1261 1933 1424 1983 legibus
1456 1933 1637 1971 serendis
1674 1931 1735 1971 lit-

169 2013 278 2044 teras
311 2004 571 2055 conscripsit,
608 2004 759 2054 quibus
803 2018 849 2042 ea
884 2003 1034 2045 omnia,
1081 2018 1186 2054 quae
1220 2004 1259 2041 in
1293 2004 1486 2042 universa
1518 2002 1734 2042 Sardiniae

168 2075 281 2127 regis
314 2075 472 2114 ditione
506 2084 650 2113 contra
684 2089 726 2112 se
760 2088 941 2125 suosque
974 2083 1064 2113 acta
1097 2083 1225 2116 erant,
1271 2074 1545 2113 contestando
1578 2074 1735 2112 denun-

167 2146 309 2191 ciavit3
334 2155 459 2196 atque
482 2145 522 2183 in
541 2145 878 2196 ephemeridibus
903 2144 1016 2183 urbis
1040 2145 1196 2184 Lucani
1215 2145 1561 2183 contestationem
1586 2144 1731 2195 ipsam,

168 2231 252 2268 quo
286 2217 414 2256 tutius
447 2217 726 2267 evulgaretur,
763 2215 971 2266 publicam
1005 2216 1113 2254 fecit.

258 2288 422 2339 Quibus
455 2287 645 2338 peractis,
682 2287 737 2325 nil
771 2286 848 2325 sibi
882 2288 1161 2326 cunctandum
1196 2287 1335 2331 sensit,
1361 2288 1460 2338 quin
1494 2287 1579 2325 suis
1612 2287 1732 2325 soda-

166 2359 286 2403 libus,
322 2358 392 2410 qui
426 2358 466 2396 in
500 2357 743 2409 regionibus
776 2357 1017 2408 subalpinis,
1052 2366 1122 2396 aut
1155 2357 1263 2399 alibi,
1299 2358 1374 2397 hac
1408 2358 1498 2396 illac
1536 2357 1730 2408 dispalati

166 2440 461 2469 remanserant,
497 2429 739 2467 adiumento
773 2428 943 2469 veniret.
980 2443 1030 2467 ne
1064 2429 1122 2467 uti
1157 2443 1268 2475 oves,
1304 2443 1406 2480 quas
1451 2428 1537 2479 lupi
1582 2428 1732 2478 diripe-

167 2509 269 2545 rent,
305 2508 628 2550 mactarentque,
665 2513 706 2537 se
743 2514 765 2537 a
798 2508 965 2549 pastore
1000 2500 1188 2538 desertos
1222 2508 1428 2550 putarent.
1465 2500 1731 2550 Quamquam

168 2571 290 2614 enim,
326 2571 440 2621 quod
473 2584 597 2620 supra
621 2570 851 2611 docuimus,
877 2569 1160 2620 compluribus
1184 2570 1235 2609 ab
1259 2570 1389 2613 initio,
1425 2570 1563 2621 prouti
1598 2583 1663 2608 res
1686 2584 1732 2607 ac

167 2649 332 2691 tempus
366 2640 563 2681 ferebant,
613 2640 849 2678 consultum
899 2640 1040 2686 iverat,
1075 2649 1226 2683 tamen,
1262 2641 1316 2679 ob
1350 2655 1457 2679 nova
1492 2654 1629 2679 rerum
1663 2640 1731 2678 ad-

168 2710 317 2753 iuncta,
352 2711 456 2749 bene
490 2710 607 2749 multi
642 2724 796 2760 magno
830 2719 946 2749 erant
981 2710 1020 2748 in
1055 2711 1252 2761 periculo;
1277 2712 1393 2762 quod
1426 2720 1641 2762 praeterea
1665 2724 1733 2748 au-

167 2780 344 2831 gebatur
377 2780 417 2818 in
450 2781 549 2819 dies.
587 2781 693 2818 Nam
733 2781 798 2817 lex
831 2795 853 2818 a
886 2780 1115 2831 subalpinis
1159 2781 1472 2831 magistratibus
1511 2782 1592 2820 lata
1630 2790 1730 2825 erat,

169 2865 252 2902 qua
284 2851 447 2890 sodales
481 2851 610 2890 nostri
645 2865 802 2892 omnes,
838 2851 907 2901 qui
958 2851 997 2889 in
1047 2852 1262 2891 Sardiniae
1296 2853 1406 2903 regis
1445 2853 1603 2892 ditione
1648 2852 1731 2891 nati
