1926 3200
723 611 1123 681 NOTAE

200 1106 243 1144 (1)
270 1106 309 1135 In
332 1105 551 1134 Bibliotheca
578 1106 834 1145 (Scriptorum)
862 1107 937 1136 Soc.
961 1106 1044 1136 Iesu
1069 1106 1236 1143 invenies,
1264 1107 1453 1137 Mininium
1480 1112 1602 1138 natum
1625 1117 1702 1138 esse

137 1159 295 1190 Taurini.
321 1160 428 1198 Atqui
454 1159 676 1189 Placentinus
700 1160 776 1197 fuit,
802 1159 852 1190 uti
875 1164 1009 1189 constat
1031 1170 1073 1189 ex
1094 1160 1267 1190 tabulario
1292 1162 1388 1191 Prov.
1416 1162 1521 1191 Taur.
1548 1162 1583 1191 S.
1611 1162 1636 1191 I.

201 1227 245 1265 (2)
270 1227 301 1256 A
336 1227 512 1256 l'z'ncenzo
539 1226 703 1256 Gioberti
723 1226 923 1255 Francesco
946 1226 1085 1255 Pellico.
1113 1226 1267 1262 Genova,
1300 1226 1483 1264 tipografia
1507 1226 1698 1263 Ferrando,

140 1280 228 1317 1845,
254 1280 383 1318 pagina
407 1289 457 1318 23,
483 1279 518 1309 in
543 1284 635 1309 nota.

199 1346 243 1383 (3)
269 1347 320 1375 Ex
343 1345 526 1375 tabulariis
550 1346 627 1375 Soc.
654 1346 744 1374 Iesu.

199 1412 243 1450 (4)
267 1412 413 1440 Lettere
424 1411 645 1448 sanzigliari
648 1434 709 1441 .....
735 1411 794 1440 del
814 1412 851 1440 P.
871 1411 1031 1440 Antonio
1047 1411 1241 1440 Bresciani
1244 1434 1305 1440 .....
1326 1411 1448 1447 Roma,
1474 1410 1589 1440 ufficio
1606 1410 1699 1440 della

138 1465 267 1496 Civiltc'z
293 1464 473 1495 Cattolica.
500 1471 743 1493 MDCCCLXIX.
770 1465 907 1493 Lettera
933 1463 1001 1501 167.
1028 1464 1127 1493 Iuvat
1143 1464 1269 1493 referre
1293 1463 1367 1502 ipsa
1392 1463 1576 1494 Brescianii
1593 1464 1699 1494 verba

132 1518 176 1548 de
202 1517 361 1547 Mininio:
394 1532 405 1544 ‹
513 1518 626 1547 Uomo
648 1517 711 1546 che
734 1526 753 1546 a
777 1517 884 1547 molta
906 1526 924 1546 e
948 1516 1034 1547 soda
1056 1517 1249 1555 eloquenza
1271 1517 1435 1556 accoppia
1458 1517 1552 1547 modi
1576 1517 1697 1555 gentili

132 1581 150 1602 e
175 1571 328 1601 dottrina
351 1580 422 1600 non
445 1580 593 1600 comune
611 1583 622 1596 ›
647 1594 654 1600 .

195 1638 239 1674 (5)
265 1636 408 1666 Nullam
439 1635 483 1665 de
508 1635 657 1665 Mininio
681 1635 885 1665 memoriam
909 1635 1138 1673 conscriptam
1156 1636 1261 1665 habui
1279 1637 1324 1666 ob
1340 1637 1459 1666 oculos
1483 1636 1517 1665 in
1541 1636 1604 1665 hac
1620 1645 1698 1666 exa-

131 1691 252 1721 randa.
280 1692 330 1719 Ex
354 1689 480 1719 nostris
503 1689 696 1725 tabulariis,
721 1699 762 1718 ex
786 1689 918 1719 notitiis
941 1690 1070 1727 sparsis
1092 1690 1154 1720 hac
1178 1690 1267 1726 illac,
1292 1695 1367 1720 tum
1391 1690 1495 1720 etiam
1519 1699 1537 1719 e
1554 1689 1701 1728 privatis

131 1744 391 1774 narrationibus
413 1743 601 1780 sodalium,
627 1744 715 1773 hanc
738 1743 905 1781 equidem
930 1744 1074 1774 confeci.
