1926 3200
849 253 1110 289 ,229-

196 343 343 395 Itaque
391 346 569 384 oratoris
618 360 782 389 nomen,
819 346 934 384 brevi
968 356 1065 398 post
1099 356 1298 398 tempore.
1351 363 1432 386 non
1468 349 1593 387 modo
1628 358 1756 388 totam

193 414 352 459 urbem,
377 416 451 454 sed
475 416 710 455 universam
737 417 945 456 Etruriam
969 418 1207 468 complevit.
1230 419 1405 470 Insuper
1428 419 1615 470 quotidie
1638 434 1758 459 aures

191 485 376 525 admissa
424 487 647 527 fatentibus
689 487 923 527 diutissime
965 502 1012 526 ac
1054 489 1355 539 patientissime
1397 491 1755 530 accommodabat.

190 556 326 607 Saepe
359 557 495 600 etiam.
521 567 609 597 tum
644 558 731 609 ipsa
757 558 796 596 in
821 559 934 604 urbe,
959 567 1047 597 tum
1072 558 1112 597 in
1146 559 1318 602 viciniis.
1345 560 1412 611 pia
1436 561 1575 600 Sancti
1603 562 1754 611 Ignatii

189 628 385 667 exercitia
418 628 625 679 religiosis
672 629 847 673 familiis,
893 630 956 667 vel
1005 629 1295 669 sodalitatibus
1339 632 1541 671 tradebat.
1591 632 1755 682 Quibus

191 711 291 737 vero
325 699 585 749 temporibus
608 699 830 738 conciones
855 699 892 737 in
917 699 1018 738 aede
1042 700 1182 738 Sancti
1207 701 1393 740 Caietani
1419 703 1631 747 vacabant,
1656 703 1755 741 alias

190 767 231 806 in
265 770 388 808 urbes
422 769 773 820 proficiscebatur,
809 771 872 808 vel
906 780 950 809 ut
983 771 1128 808 eadem
1162 771 1356 810 exercitia
1399 773 1509 811 clero
1548 787 1756 812 commen-

189 846 359 886 taretur,
394 840 459 878 vel
492 854 721 883 sermones.
756 854 830 890 per
852 841 973 879 ferias
997 841 1150 879 ieiunio
1173 842 1505 893 quadragenario
1532 858 1681 884 sacras.
1706 845 1756 882 ad

191 911 394 961 populum
429 911 613 949 haberet.

277 982 424 1032 Neque
457 981 521 1019 his
554 990 776 1020 contentus
800 981 1011 1020 laboribus
1035 992 1134 1026 erat,
1161 983 1260 1033 quin
1295 983 1488 1033 graviora
1521 998 1649 1023 onera
1679 985 1754 1023 sibi

189 1051 298 1090 ultro
332 1051 578 1102 imponeret,
614 1066 698 1102 quo
731 1052 887 1091 scilicet
922 1053 1170 1091 christianae
1194 1054 1327 1104 plebis
1351 1055 1472 1093 saluti
1507 1055 1641 1105 magis
1677 1070 1757 1094 ma-

187 1122 338 1173 gisque
371 1122 412 1160 in
459 1122 549 1161 dies
591 1122 806 1173 provisum
857 1123 945 1162 iret.
982 1124 1123 1174 Quum
1166 1124 1275 1162 enim
1312 1125 1483 1163 Lutheri
1518 1134 1558 1164 et
1592 1126 1752 1165 Calvini

185 1201 427 1238 sectatores,
454 1207 559 1243 quos
585 1193 870 1232 Protestantes
895 1208 1102 1236 vocamus,
1129 1195 1318 1245 plurimis
1343 1195 1382 1233 in
1407 1196 1572 1235 Etruria
1595 1197 1750 1248 sparsis

184 1263 333 1302 libellis
367 1273 407 1303 et
440 1264 617 1315 pecunia
650 1265 879 1316 proposita,
916 1265 1219 1304 Christifideles
1252 1267 1356 1305 bene
1390 1268 1557 1310 multos,
1594 1270 1657 1307 vel
1698 1269 1753 1307 in-

185 1334 316 1381 scitia,
351 1336 415 1374 vel
450 1335 591 1386 inopia
623 1336 838 1378 adductos.
875 1336 914 1374 in
948 1350 1063 1375 suam
1088 1338 1265 1388 quisque
1288 1338 1529 1377 societatem
1564 1341 1752 1378 transcri-

185 1405 350 1451 berent,
386 1406 595 1451 Francus,
646 1406 940 1445 ardentissimo
989 1407 1204 1457 religionis
1248 1417 1289 1446 et
1336 1408 1566 1447 animarum
1616 1411 1753 1448 studio

183 1475 389 1522 incensus,
424 1477 670 1515 acerrimum
720 1477 761 1516 id
809 1492 943 1528 genus
991 1478 1209 1517 haereticis
1243 1478 1395 1517 bellum
1441 1480 1600 1522 indixit,
1636 1489 1749 1519 tanta

185 1546 338 1585 virtute
371 1555 411 1586 et
444 1547 689 1591 constantia,
726 1556 770 1586 ut
803 1548 997 1599 princeps
1022 1548 1061 1586 in
1086 1549 1287 1599 praelium
1313 1549 1401 1595 iret,
1426 1559 1664 1600 postremus
1687 1565 1751 1589 ex-

184 1616 363 1655 cederet.
399 1618 546 1668 Itaque
579 1632 661 1656 non
695 1626 757 1656 est
799 1618 1034 1665 deterritus,
1081 1620 1306 1670 quominus
1339 1634 1360 1658 e
1394 1634 1511 1659 sacro
1545 1630 1750 1672 suggestu

184 1701 278 1726 cum
313 1687 362 1726 iis
395 1689 605 1739 extemplo
639 1689 679 1727 in
713 1690 976 1740 complexum
1016 1690 1193 1736 veniret:
1239 1705 1394 1742 eosque
1428 1692 1480 1730 ad
1515 1692 1659 1730 incitas
1694 1706 1751 1730 re—

183 1759 327 1798 dactos
350 1760 471 1810 plane
495 1759 684 1799 confecit.
710 1760 830 1810 Opus
854 1769 1068 1811 praeterea
1092 1761 1132 1799 in
1156 1762 1307 1812 vulgus
1330 1762 1471 1802 edidit.
1498 1777 1582 1813 quo
1604 1777 1747 1801 eorum

181 1828 365 1880 iniquam
399 1830 537 1875 fidem,
572 1830 788 1869 mendacia
820 1839 859 1869 et
892 1831 1022 1869 malos
1056 1845 1193 1869 mores
1227 1833 1362 1882 palam
1388 1833 1520 1871 facere
1555 1847 1636 1871 non
1676 1833 1747 1871 du-

181 1900 340 1940 bitavit.
367 1901 429 1939 Ita
451 1901 612 1946 accidit,
640 1910 684 1940 ut
707 1902 942 1952 complures
976 1901 1045 1952 qui
1081 1902 1272 1940 catholici
1306 1903 1357 1940 ad
1390 1917 1462 1941 eos
1496 1917 1586 1942 sese
1620 1912 1748 1942 trans-

180 1971 372 2013 tulerant,
398 1971 547 2010 exinde
571 1986 696 2023 quam
721 1972 932 2018 citissime,
958 1986 1113 2022 magno
1136 1987 1323 2018 numero,
1358 1973 1508 2024 pedem
1532 1974 1744 2018 referrent,

178 2050 221 2080 et
252 2041 416 2092 publice
449 2042 647 2081 abiuratis
680 2042 902 2087 erroribus,
928 2056 1091 2080 summa
1114 2043 1318 2081 bonorum
1353 2044 1539 2082 omnium
1574 2044 1742 2090 laetitia,

183 2111 224 2150 in
260 2113 470 2151 Ecclesiae
504 2127 700 2151 romanae
733 2113 869 2151 sinum
905 2127 948 2151 se
983 2113 1131 2152 iterum
1166 2113 1410 2164 reciperent.

270 2183 338 2221 Ab
370 2184 520 2222 eodem
553 2193 758 2235 suggestu
784 2183 893 2222 idem
918 2183 1123 2234 praestitit
1146 2192 1289 2222 contra
1313 2198 1449 2222 rerum
1484 2185 1741 2235 publicarum

174 2253 459 2299 subversores,
494 2253 565 2305 qui
597 2268 691 2292 cum
725 2254 941 2293 haereticis
986 2254 1063 2292 illis
1098 2263 1219 2305 pacto
1255 2255 1434 2300 foedere,
1476 2255 1658 2294 consiliis
1696 2270 1742 2294 ac

179 2323 337 2362 viribus
371 2324 533 2367 iunctis,
569 2325 693 2363 rebus
728 2324 847 2363 novis
880 2325 1106 2368 studentes,
1153 2324 1240 2363 iura
1273 2325 1413 2363 omnia
1456 2339 1570 2364 sacra
1613 2335 1653 2365 et
1695 2326 1746 2365 ci-

176 2394 273 2433 vilia
310 2395 569 2446 abrumpere,
609 2404 650 2434 et
689 2395 822 2446 ipsam
864 2395 1080 2433 hominum
1122 2395 1363 2434 societatem
1401 2410 1424 2433 a
1462 2396 1744 2436 fundamentis

176 2473 364 2503 evertere
396 2466 665 2504 conabantur.
703 2466 848 2516 Itaque
884 2467 1068 2504 Francus
1101 2466 1251 2504 horum
1291 2466 1472 2510 technas,
1507 2467 1670 2506 fraudes
1703 2476 1744 2506 et

177 2549 303 2574 coeca
336 2535 375 2574 in
408 2549 530 2587 reges
563 2544 603 2575 et
636 2536 855 2587 pontifices
889 2537 1102 2575 molimina
1135 2536 1303 2579 detexit,
1328 2545 1453 2587 atque
1478 2537 1516 2576 in
1540 2552 1623 2581 eos,
1655 2553 1743 2589 per-

178 2605 273 2644 inde
306 2620 352 2644 ac
385 2605 425 2644 in
461 2606 539 2645 Dei
574 2606 704 2657 ipsius
737 2616 776 2645 et
809 2606 979 2644 humani
1003 2606 1169 2657 generis
1193 2621 1349 2653 osores,
1376 2607 1742 2648 vehementissime

176 2685 240 2715 est
264 2676 466 2715 invectus.
501 2677 636 2727 Saepe
659 2677 785 2716 etiam
810 2691 902 2716 cum
927 2677 991 2715 his
1014 2677 1295 2727 confligendo,
1322 2679 1543 2717 ostendere
1567 2680 1740 2725 solebat,

178 2747 424 2786 catholicam
458 2747 702 2798 religionem
737 2762 860 2786 unam
904 2762 1007 2792 esse,
1053 2763 1134 2800 qua
1167 2758 1277 2788 stant
1310 2749 1520 2791 civitates:
1555 2752 1740 2801 quando-

177 2819 361 2869 quidem,
396 2819 472 2857 hac
503 2819 685 2869 dempta,
721 2819 808 2857 iura
841 2819 980 2858 onmia
1012 2829 1137 2870 atque
1176 2820 1391 2859 hominum
1426 2821 1603 2864 foedera,
1630 2835 1743 2872 prae-

177 2889 286 2928 sidio
319 2890 530 2933 destituta,
565 2890 775 2941 extemplo
808 2904 1000 2929 corruere
1034 2904 1201 2929 necesse
1235 2891 1298 2930 sit.
