1926 3200
829 201 1090 226 —120—

172 302 291 331 raret.
329 293 415 330 Iam
449 306 548 331 vero
597 292 754 344 ingenii
788 307 835 331 ac
868 293 1081 332 doctrinae
1129 294 1236 332 fama
1284 308 1379 333 eum
1428 296 1540 346 apud
1589 297 1739 348 Belgas

171 363 327 402 iamdiu
346 370 642 409 antecesserat;
663 363 1006 414 quandoquidem
1030 364 1228 415 egregius
1252 364 1318 403 ille
1341 365 1561 405 historicus
1581 367 1737 414 Gallus,

170 448 218 472 ac
250 435 358 472 fama
391 434 646 477 notissimus,
683 434 747 472 cui
792 448 945 473 nomen
990 435 1333 486 Cre'tineau-Joly,
1385 436 1425 474 in
1475 438 1740 477 recensendis

169 505 391 545 Societatis
425 515 590 545 nostrae
615 505 868 551 hominibus,
895 506 965 557 qui
989 515 1077 545 tum
1101 507 1302 557 temporis
1336 507 1525 546 doctrina
1559 509 1737 548 maxime

170 577 378 621 florerent,
414 578 695 628 Rostagnum,
730 577 825 616 licet
858 591 1062 616 annorum
1097 578 1382 630 undetriginta
1416 579 1737 624 adolescentem,

168 648 589 687 honorificentissime
623 648 950 699 compellaverat
975 650 1052 698 (Ι).

261 721 403 771 Quum
439 719 614 758 Lovanii
648 719 744 758 huic
777 719 938 758 muneri
962 720 1168 758 cumulate
1198 720 1424 759 admodum
1459 722 1738 769 satisfecisset,

170 790 344 841 eiusque
379 789 535 841 ingenii
570 790 689 833 fama,
725 804 809 828 non
843 790 970 829 modo
1003 791 1115 841 apud
1153 791 1315 842 Belgas,
1361 792 1434 830 sed
1467 792 1591 831 etiam
1626 793 1739 843 apud

169 862 269 901 alias
303 861 491 900 nationes
525 869 751 913 augeretur
784 861 824 899 in
858 861 958 907 dies,
995 862 1175 900 Romam
1208 877 1231 901 a
1266 863 1510 914 Praeposito
1546 863 1738 903 Generali

170 942 336 973 nostrae
370 933 591 972 Societatis
625 941 687 972 est
720 933 887 979 accitus,
933 942 977 972 ut
1020 933 1215 972 Carolum
1262 934 1532 986 Passagliam,
1569 936 1639 986 qui
1689 937 1739 974 ab

169 1005 314 1044 eadem
349 1004 558 1044 Societate
592 1004 810 1046 defecerat.
835 1004 1056 1055 exciperet,
1091 1013 1132 1043 et
1164 1005 1421 1056 theologiam
1456 1006 1738 1057 dogmaticam

169 1075 210 1114 in
244 1075 462 1114 Athenaeo
497 1075 763 1126 Gregoriano
786 1075 1064 1125 profiteretur.
1090 1076 1147 1114 At
1170 1075 1292 1122 enim,
1318 1076 1432 1127 quod
1466 1090 1515 1115 eo
1549 1085 1740 1128 tempore

171 1146 272 1185 haec
306 1145 523 1196 disciplina
558 1159 640 1184 non
675 1146 819 1184 eadem
853 1146 1013 1184 ratione
1048 1147 1208 1185 Romae
1246 1147 1490 1191 traderetur,
1534 1162 1616 1198 qua
1650 1149 1737 1199 ipse

171 1217 346 1256 Lovanii
380 1216 678 1261 consuevisset,
705 1217 864 1255 honore
888 1225 928 1255 et
952 1231 1077 1256 onere
1107 1217 1350 1263 detrectato,
1376 1217 1530 1256 ibidem
1556 1219 1739 1257 constitit

167 1303 321 1328 annum
356 1288 527 1327 omnino
561 1302 702 1333 unum,
739 1288 1012 1327 nobilioribus
1036 1288 1222 1327 eiusdem
1246 1289 1435 1328 athenaei
1471 1290 1736 1341 magisteriis,

166 1359 236 1398 ubi
270 1373 334 1398 res
368 1360 610 1410 postularet,
647 1358 905 1409 supplendis,
937 1359 1050 1397 libris
1084 1360 1449 1410 recognoscendis,
1484 1369 1523 1399 et
1558 1361 1738 1412 philoso-

169 1430 301 1482 phicis
319 1445 366 1470 ac
384 1430 634 1481 theologicis
659 1430 855 1468 iuvenum
880 1440 1118 1469 nostrorum
1143 1430 1440 1481 speciminibus
1463 1431 1732 1482 excipiendis.

168 1502 269 1541 Post
302 1502 402 1541 haee
436 1502 555 1541 enixe
604 1502 833 1540 admodum
883 1510 944 1540 est
988 1510 1172 1552 rogatus,
1220 1510 1265 1540 ut
1308 1502 1581 1553 scriptoribus
1626 1517 1735 1541 com-

171 1573 483 1616 mentariorum,
509 1573 580 1624 qui
605 1572 886 1611 inscribuntur
910 1597 962 1601 —
986 1573 1052 1611 La
1082 1573 1231 1611 Cl'tv'lfc‘z
1261 1573 1455 1612 Catloliccz
1494 1598 1547 1602 --
1582 1574 1738 1623 ingenii

168 1644 234 1683 sui
268 1658 439 1695 operam
473 1645 640 1683 locaret.
678 1645 735 1683 At
767 1658 818 1682 ne
858 1644 899 1682 id
944 1643 1112 1694 quidem
1155 1658 1305 1682 munus
1348 1644 1460 1683 adiit.
1508 1644 1636 1683 Cuius
1682 1645 1738 1683 rei

170 1730 338 1755 causam
373 1716 494 1767 plane
529 1724 787 1766 compertam
812 1730 894 1754 non
918 1715 1065 1754 habeo.
1102 1715 1367 1767 Quamquam
1402 1730 1501 1755 vero
1536 1716 1614 1755 hoc
1654 1730 1735 1754 non

166 1796 229 1826 est
262 1787 377 1831 tanti,
413 1796 457 1826 ut
490 1788 689 1826 lectorem
724 1786 947 1825 sollicitum
982 1787 1144 1825 habeat.

257 1859 403 1910 Itaque
440 1859 683 1909 Rostagnus
718 1857 950 1896 Lovanium
994 1857 1143 1896 iterum
1178 1858 1303 1902 venit,
1353 1867 1477 1909 atque
1526 1858 1584 1896 uti
1619 1857 1733 1896 illum

167 1931 389 1969 abeuntem
424 1930 512 1968 eius
558 1929 771 1968 auditores
816 1942 971 1979 magno
1015 1942 1206 1967 moerore
1250 1929 1458 1979 prosecuti
1506 1938 1634 1971 erant,
1681 1929 1735 1967 ita

167 2001 409 2039 redeuntem
445 2015 608 2039 summa
641 2000 795 2039 laetitia
829 2010 1093 2050 exceperunt.
1131 1999 1419 2050 Quadriennio
1453 2009 1559 2050 post.
1596 1999 1735 2050 prouti

166 2072 206 2110 in
241 2071 380 2123 elogio
415 2071 636 2123 Rostagni‚
666 2071 780 2122 quod
804 2070 843 2109 in
868 2071 1021 2109 nostris
1045 2070 1259 2109 tabulariis
1293 2070 1575 2121 conscriptum
1609 2084 1738 2108 asser-

166 2151 298 2185 vatur,
336 2143 510 2181 relatum
546 2142 724 2185 invenio,
761 2150 898 2180 actum
932 2151 993 2180 est
1027 2141 1078 2180 de
1111 2141 1256 2180 itinere
1296 2141 1335 2179 in
1370 2141 1564 2179 Russiam
1599 2141 1650 2179 ab
1684 2154 1738 2178 eo

165 2213 444 2263 suscipiendo:
471 2214 584 2264 quod
607 2222 745 2252 tamen
770 2213 1013 2264 neutiquam
1037 2213 1233 2263 suscepit.
1260 2213 1389 2252 Cuius
1419 2212 1577 2263 negotii
1601 2211 1735 2262 gratia

165 2284 205 2322 in
229 2293 313 2323 tam
338 2285 507 2335 longam
533 2284 914 2335 peregrinationem
938 2298 1028 2322 sese
1052 2292 1160 2323 esset
1183 2284 1367 2329 daturuS,
1400 2283 1616 2333 explorare
1651 2297 1733 2320 non

163 2355 295 2405 potui.
330 2355 499 2397 Verum,
535 2370 738 2394 converso
773 2355 918 2394 itinere
953 2355 992 2393 in
1027 2355 1187 2394 Italiam
1217 2363 1279 2393 est
1313 2367 1541 2405 regressus,
1576 2362 1615 2392 et
1651 2355 1732 2392 Au-

164 2434 331 2474 gustam
366 2424 659 2468 Taurinorum,
685 2425 780 2463 dein
812 2425 1038 2463 Novariam
1073 2424 1305 2470 contendit;
1341 2438 1422 2474 qua
1447 2423 1485 2461 in
1511 2425 1622 2466 urbe,
1650 2438 1731 2462 non

163 2509 262 2534 vero
297 2496 506 2537 Vercellis,
532 2505 575 2534 ut
606 2496 646 2534 in
681 2520 734 2524 —
770 2497 1018 2534 Bibliotheca
1052 2494 1355 2546 (Scripforum)
1392 2495 1604 2533 Socicfalis
1639 2496 1732 2533 lesu

166 2589 219 2594 —
254 2565 419 2616 legitur,
456 2566 558 2604 sacri
593 2567 769 2617 ephebei
819 2566 995 2605 alumnis
1044 2566 1301 2617 theologiam
1337 2579 1500 2603 morum
1545 2579 1616 2604 sex
1650 2565 1734 2604 fere

165 2650 297 2674 annos
331 2636 540 2686 explicuit,
577 2651 622 2675 ac
677 2637 847 2675 demum
896 2637 1082 2676 eiusdem
1131 2636 1305 2687 ephebei
1355 2644 1490 2674 rector
1539 2636 1737 2674 constitu-

172 2715 239 2746 tus
272 2715 348 2745 est.

258 2778 455 2816 vertente
489 2792 598 2817 anno
637 2790 904 2821 MDCCCLXX.
946 2793 1074 2829 quum
1112 2779 1153 2816 P.
1191 2779 1367 2816 Ioannes
1402 2778 1638 2816 Matthaeus
1672 2777 1735 2815 Ci-

167 2862 362 2898 ravegna„
400 2848 637 2898 provinciae
674 2850 924 2888 taurinensis
960 2849 1236 2900 praepositus,
1263 2849 1434 2887 domum
1470 2847 1734 2886 antonianam
