1926 3200
833 241 1096 276 -124-

179 337 392 388 professus
415 344 489 374 est.
518 336 639 373 Hanc
664 335 840 373 eandem
865 333 1127 384 disciplinam
1154 333 1362 372 Novariae
1387 340 1531 384 postea
1564 331 1746 373 tradidit:

177 423 259 460 qua
292 408 332 446 in
356 408 457 445 urbe
481 415 696 457 praeterea
729 414 812 444 tres
836 405 993 455 opellas
1017 404 1234 443 historicas
1259 404 1299 442 in
1333 404 1467 442 lucem
1498 402 1624 441 dedit.
1655 403 1744 440 Has

184 480 292 519 inter
313 478 536 518 historicus
570 476 894 516 commentarius
917 477 969 514 de
993 476 1148 515 Sancto
1173 475 1425 516 Gaudentio,
1451 474 1587 525 primo
1611 474 1749 512 Nova-

183 551 382 590 riensiun]
406 549 605 600 episcopo
630 556 669 587 et
702 556 881 599 patrono
916 547 1268 598 praesentissimo,
1300 543 1630 584 Novariensibus
1663 558 1751 594 per-

182 622 388 662 iucundus
421 621 508 659 fuit.
546 621 665 658 Illum
708 619 818 658 enim
853 627 966 657 tanta
1000 617 1247 657 eruditionis
1281 617 1423 668 copia,
1466 626 1506 655 et
1545 617 1749 659 sermonis

183 701 402 733 venustate
435 691 665 737 exornavit,
701 699 746 729 ut
781 690 986 740 Iosephus
1010 689 1277 731 Melandrius,
1304 690 1366 728 vir
1388 690 1542 742 alioqui
1576 690 1752 743 sagacis-

181 766 311 805 simae
344 765 466 807 naris,
502 763 584 803 stili
617 762 755 814 specie
778 762 990 813 deceptus,
1018 762 1147 800 Isa‘i'ae
1173 761 1441 805 Carminatio,
1472 763 1542 814 qui
1577 777 1623 802 ea
1652 771 1752 802 tem-

183 845 345 888 pestate
377 835 558 886 collegio
592 833 827 873 novariensi
852 831 1109 871 moderando
1133 841 1333 882 praeerat,
1369 833 1637 872 tribuendum
1662 847 1752 871 cen-

184 907 313 947 suerit
337 909 414 957 (1).
441 907 541 945 Post
564 905 676 947 haec,
703 905 756 943 ob
776 903 932 955 ingenii
956 903 1255 946 excellentiam,
1276 917 1359 954 quo
1383 905 1531 943 ceteris
1554 905 1750 947 anteibat,

185 980 366 1017 Romam
400 986 462 1016 est
495 976 658 1021 missus,
694 985 739 1014 ut
772 975 812 1013 in
846 974 1027 1013 maximo
1060 975 1204 1025 lycaeo
1243 988 1428 1016 romano,
1464 989 1603 1013 sacrae
1638 975 1751 1014 theo-

183 1049 321 1101 logiae
353 1048 533 1088 stadium
567 1047 819 1086 emetiretur.
847 1047 940 1084 Hoc
969 1054 1107 1084 autem
1131 1059 1336 1088 emensus,
1374 1054 1413 1084 et
1438 1046 1673 1085 sacerdotio
1697 1046 1754 1084 in-

184 1120 376 1172 signitus,
410 1119 586 1158 alterum
620 1118 786 1169 pietatis
819 1116 1056 1156 tirocinium
1105 1116 1250 1155 eadem
1300 1116 1339 1154 in
1389 1117 1490 1155 urbe
1524 1117 1675 1167 exegit,
1713 1125 1752 1155 et

184 1200 382 1243 quattuor
415 1190 635 1242 religiosae
669 1188 940 1240 professionis
974 1197 1072 1226 vota
1106 1187 1255 1226 emisit.

273 1262 401 1314 Apud
433 1261 545 1300 viros
578 1261 726 1299 doctos
759 1259 882 1298 huius
906 1258 1031 1301 urbis,
1067 1258 1297 1297 litterarum
1322 1268 1361 1296 et
1385 1258 1649 1310 scientiarum
1675 1272 1755 1296 ma-

183 1335 351 1387 gistrae,
377 1333 555 1372 maxime
579 1331 771 1371 innotuit.
807 1332 953 1381 Itaque
976 1330 1016 1368 in
1040 1339 1205 1369 coetum
1229 1329 1486 1372 litterarium,
1513 1329 1577 1368 cui
1602 1343 1754 1368 nomen

185 1407 237 1446 ab
270 1405 462 1451 Arcadia,
498 1413 560 1443 est
592 1404 791 1442 adlectus.
831 1403 939 1440 Nam
972 1401 1111 1445 latine,
1147 1415 1295 1452 graece
1329 1410 1369 1440 et
1409 1400 1651 1451 praesertim
1687 1401 1757 1439 ita—

185 1477 261 1516 lice
294 1476 350 1516 ita
382 1475 601 1516 scribebat.
636 1483 681 1513 ut
704 1483 907 1515 auctores,
943 1486 1049 1523 quos
1082 1472 1277 1510 classicos
1307 1485 1609 1522 nuncupamus,
1635 1472 1756 1522 plane

190 1548 372 1587 referret.
408 1548 496 1585 Nec
544 1559 644 1584 vero
691 1559 739 1583 ea
772 1545 918 1586 solum,
955 1544 1007 1582 de
1041 1543 1193 1594 quibus
1227 1556 1352 1593 supra
1395 1542 1650 1580 mentionem
1691 1542 1757 1580 ha-

191 1619 369 1665 buimus,
405 1618 478 1657 sed
511 1617 590 1655 alia
622 1616 746 1655 etiam
771 1615 1061 1666 invulgaverat
1084 1613 1393 1665 elegantissime
1423 1613 1680 1655 concinnata,
1717 1621 1757 1652 et

190 1690 399 1729 uberrima
431 1687 663 1727 eruditione
697 1687 908 1725 instructa.
946 1687 1087 1736 Quum
1122 1684 1261 1736 igitur,
1297 1685 1347 1723 ab
1396 1684 1487 1735 ipso
1536 1684 1758 1723 litterariae

189 1762 300 1801 vitae
321 1761 475 1803 limine,
501 1769 584 1798 tam
609 1760 714 1798 bene
738 1759 789 1797 de
814 1758 1009 1809 religiosa
1032 1756 1205 1796 historia
1230 1756 1401 1795 meritus
1434 1764 1555 1798 esset,
1592 1764 1758 1794 nostrae

193 1832 414 1872 Societatis
447 1831 652 1870 tabulario
691 1838 752 1869 est
776 1829 1022 1880 praefectus,
1058 1837 1098 1867 et
1136 1827 1280 1869 sodali,
1315 1826 1502 1865 eiusdem
1538 1826 1758 1865 Societatis

196 1920 219 1943 a
265 1903 447 1949 seeretis,
488 1901 647 1941 suffecti
698 1901 839 1946 titulo,
890 1900 1028 1939 socius
1072 1899 1237 1950 obtigit.
1289 1898 1356 1936 Ad
1400 1898 1478 1936 hoc
1529 1911 1759 1943 causarum,

198 1974 376 2014 alumnis
414 1973 601 2012 eiusdem
642 1972 815 2012 Ordinis
855 1971 1074 2010 sanctitate
1123 1968 1421 2009 celebrioribus
1462 1969 1501 2006 in
1552 1967 1757 2007 Caelitum

193 2047 334 2085 album
367 2045 606 2088 referendis,
643 2044 883 2083 Postulator
916 2042 1183 2081 renunciatus
1217 2050 1292 2080 est.

283 2117 498 2168 Quantum
531 2116 595 2154 his
629 2115 883 2157 muneribus,
935 2128 981 2152 ac
1024 2113 1246 2164 praecipue
1280 2120 1506 2162 postremo,
1543 2109 1760 2160 explendis

192 2196 302 2228 esset
334 2187 523 2233 idoneus,
560 2186 615 2225 ita
647 2185 854 2237 probavit,
880 2193 924 2223 ut
947 2198 1065 2235 spem
1089 2191 1353 2235 praeceptam
1388 2180 1569 2220 evicerit.
1596 2179 1760 2219 Etenim

192 2258 354 2299 consilii
387 2259 547 2309 plenus,
582 2257 735 2296 laboris
769 2256 943 2307 patiens,
984 2254 1190 2306 propositi
1235 2262 1370 2295 tenax,
1406 2266 1489 2291 non
1524 2251 1686 2289 inanem
1722 2264 1762 2289 o-

194 2343 337 2381 peram
370 2328 498 2375 dedit,
534 2336 578 2367 ut
612 2328 880 2378 quamplures
914 2340 965 2365 ex
998 2326 1143 2364 iisdem
1182 2323 1372 2365 alumnis,
1407 2322 1521 2361 brevi
1556 2334 1760 2360 annorum

194 2401 342 2453 spatio,
392 2400 445 2438 ad
478 2400 674 2438 caelestes
709 2399 890 2437 honores
924 2398 1210 2436 eveherentur.
1254 2395 1496 2434 Eorundem
1529 2393 1759 2438 historiam,

191 2474 463 2523 aliorumque,
489 2485 644 2523 magno
668 2484 854 2513 numero,
890 2479 961 2509 aut
985 2470 1204 2520 integram,
1231 2467 1435 2518 novisque
1464 2464 1761 2504 additamentis

192 2544 500 2595 locupletatam,
535 2551 604 2581 aut
638 2542 677 2580 in
711 2541 1009 2592 compendium
1034 2540 1255 2581 redactam,
1282 2537 1490 2589 perpolito
1521 2536 1615 2575 stilo
1650 2549 1763 2574 enar-

195 2615 312 2659 ravit,
347 2628 430 2665 quo
455 2613 650 2652 nimirum
677 2613 864 2651 Danielis
890 2611 1060 2651 Bartolii
1085 2610 1362 2650 elocutionem
1387 2608 1442 2647 ita
1475 2607 1691 2658 expressit,
1717 2614 1761 2644 ut

196 2699 320 2725 nemo
353 2684 499 2735 magis.
536 2685 599 2722 Ex
632 2684 707 2727 his,
744 2697 834 2722 mea
868 2683 1038 2734 quidem
1073 2681 1288 2723 sententia,
1315 2680 1382 2718 illa
1405 2678 1763 2730 praestantissima

194 2767 255 2796 est
288 2755 490 2798 habenda,
526 2769 607 2806 qua
630 2755 758 2793 vitam
783 2754 1042 2793 Venerabilis
1068 2752 1235 2804 Iosephi
1262 2751 1417 2790 Mariae
1443 2749 1677 2801 Pignatellii
1701 2758 1763 2787 est

194 2828 448 2878 complexus.
492 2826 706 2867 Ducentis,
758 2834 797 2864 et
848 2825 1026 2875 amplius
1074 2822 1427 2863 commentariolis
1473 2819 1762 2871 Menologium

195 2897 361 2949 Iosephi
398 2896 654 2947 Patrignanii
689 2896 814 2935 auxit.
853 2896 985 2934 Multa
1018 2895 1141 2934 etiam
1176 2894 1305 2933 edidit
1339 2893 1390 2931 de
1426 2901 1592 2931 nostrae
1626 2890 1763 2930 Socie-
