1926 3200
860 244 1121 289 -233—

205 347 540 400 quamplurimos
573 348 625 386 ad
659 356 817 386 rectum
851 347 1017 386 virtutis
1050 347 1126 386 iter
1150 347 1374 386 revocavit.
1409 349 1517 386 Nam
1552 348 1640 399 ipse
1663 349 1776 399 prior

205 420 316 459 intus
349 419 707 465 commovebatur,
743 418 844 469 quin
876 418 1001 457 etiam
1032 418 1072 456 in
1095 418 1286 456 lacrimas
1309 418 1618 465 effundebatur;
1652 428 1778 470 atque

205 491 418 530 auditores
450 490 503 528 ad
536 490 739 532 dolorem,
775 503 821 528 ac
854 489 997 528 fletum
1022 489 1274 540 impellebat.
1300 490 1447 540 Itaque
1479 490 1667 529 nonnulli
1700 490 1776 529 viri

204 563 258 602 ad
290 562 523 613 lugendum
574 561 744 600 minime
793 561 1012 612 proclives,
1047 560 1100 599 ad
1133 561 1340 599 Francum
1389 561 1428 598 in
1469 562 1627 612 templo
1659 576 1777 613 pero-

204 642 364 673 rantem
398 647 622 675 accessere.
658 641 779 671 antea
812 632 1003 683 professi,
1038 646 1082 670 se
1115 632 1228 670 nulla
1251 646 1423 682 prorsus
1457 632 1617 671 ratione
1649 634 1776 684 lacry-

204 713 405 744 maturos.
440 705 498 743 At
530 705 694 743 frustra.
731 705 853 749 Nam,
888 717 938 742 eo
971 703 1127 747 auditO,
1153 718 1175 741 a
1198 703 1392 754 lacrymis
1426 712 1659 754 temperare
1692 719 1775 743 non

204 784 447 828 potuerunt.
499 777 648 826 Neque
697 775 738 813 id
786 775 921 813 solum
956 775 995 813 in
1036 774 1163 813 sacris
1197 776 1460 813 missionibus
1492 775 1659 814 evenire
1682 790 1776 814 con-

203 856 407 891 sueverat,
444 847 484 885 in
517 847 670 898 quibus
723 860 861 885 rerum
900 846 1063 884 novitas
1111 854 1150 884 et
1194 846 1353 884 externi
1393 855 1618 897 apparatus
1662 846 1774 897 apud

206 927 396 971 agrestes
419 927 460 957 et
484 926 707 957 montanos
731 917 934 962 homines,
960 916 1104 959 oculis.
1135 916 1369 967 animisque
1393 917 1667 967 percellenclis
1690 932 1779 968 per-

207 991 358 1029 idonea
391 989 588 1031 existunt,
624 989 698 1027 sed
730 987 856 1026 etiam
891 987 998 1026 inter
1030 987 1218 1026 excultos
1251 1002 1498 1038 magnarum
1533 987 1698 1026 urbium
1723 988 1779 1026 in-

203 1062 329 1100 colas.
359 1061 599 1103 Enimvero,
634 1073 765 1111 quum
799 1058 897 1098 olim
933 1059 1093 1097 Romae
1126 1066 1248 1101 esset,
1283 1068 1323 1097 et
1358 1059 1397 1096 in
1436 1059 1594 1110 templo
1628 1061 1778 1098 Farne-

205 1133 324 1171 siano
357 1132 601 1171 concionem
627 1131 811 1174 haberet,
843 1138 957 1169 tanta
987 1144 1037 1168 ex
1071 1130 1301 1181 improviso
1334 1130 1564 1169 commotio
1588 1139 1649 1169 est
1673 1139 1776 1178 orta,

206 1213 251 1243 ut
283 1204 336 1243 ad
369 1218 497 1242 unum
532 1216 691 1248 01111165,
728 1202 877 1241 eodem
911 1201 1114 1252 temporis
1148 1210 1375 1245 momento,
1413 1201 1452 1239 in
1487 1202 1678 1252 ingentes
1702 1203 1778 1240 cla-

205 1290 344 1315 mores
392 1284 517 1326 atque
565 1275 743 1313 eiulatus
792 1273 1019 1324 eruperint.
1054 1273 1166 1312 Alibi
1199 1273 1323 1312 etiam
1368 1273 1474 1312 adeo
1509 1273 1547 1311 in
1597 1273 1776 1312 dicendo

206 1346 388 1392 incaluit,
424 1355 468 1385 ut
501 1347 721 1396 lacrymae,
772 1358 876 1396 quas
925 1345 1025 1395 ipse,
1076 1344 1249 1395 eiusque
1291 1344 1502 1383 auditores
1535 1344 1775 1391 fundebant,

205 1419 332 1457 verba
365 1417 673 1468 interceperint,
708 1425 748 1455 et
781 1416 1026 1455 concionem
1060 1416 1232 1454 omnino
1266 1408 1585 1454 intercluserint.

293 1489 422 1540 Vulgi
455 1489 625 1527 caritate
659 1488 885 1539 plurimum
920 1487 1081 1526 enituit.
1117 1487 1214 1537 Quo
1248 1486 1426 1538 quisque
1449 1486 1642 1537 egentior
1674 1496 1774 1534 erat,

205 1574 255 1599 eo
304 1560 504 1599 maiorem
539 1558 918 1598 commendationis
957 1558 1115 1596 aditum
1160 1558 1272 1608 apud
1316 1572 1411 1596 611111
1456 1557 1649 1596 habebat.
1685 1558 1778 1597 Cui-

205 1631 303 1670 dam
338 1631 575 1669 mendiculo
614 1630 769 1681 frigore
803 1630 1008 1668 laboranti
1042 1629 1287 1667 subuculam
1311 1642 1442 1674 suam,
1468 1629 1583 1679 quod
1621 1629 1699 1667 alia
1737 1629 1777 1667 111

205 1716 404 1753 praesens
437 1716 520 1740 non
553 1709 808 1752 suppeteret,
844 1701 941 1739 dare
976 1714 1059 1739 non
1093 1699 1314 1738 dubitavit.
1350 1699 1609 1738 Gravitatem
1654 1700 1778 1738 comi-

206 1781 290 1812 tate
313 1773 548 1817 condiebat,
570 1786 644 1811 nec
668 1773 890 1823 quisquam
916 1780 1016 1815 erat,
1043 1785 1167 1822 quem
1187 1785 1270 1809 non
1294 1770 1532 1810 humaniter
1554 1771 1775 1821 exciperet,

205 1852 245 1883 et
278 1844 343 1882 cui
377 1858 454 1895 pro
488 1858 568 1894 ope
601 1858 675 1882 sua
708 1843 897 1882 subsidio
931 1857 1014 1881 non
1049 1851 1170 1881 esset.
1208 1843 1353 1893 Itaque
1387 1841 1483 1881 hinc
1521 1842 1645 1880 etiam
1690 1842 1777 1880 61115

205 1915 350 1953 laudes
383 1915 434 1953 ab
479 1914 674 1953 omnibus
717 1913 1009 1952 efferebantur.
1055 1912 1271 1963 Virginem
1318 1912 1544 1963 Deiparam
1587 1912 1777 1963 impense

204 1986 371 2031 amavit,
416 1985 591 2036 eiusque
639 1985 791 2024 Cordis
836 1984 1049 2035 purissimi
1093 1983 1340 2035 religionem
1384 1983 1540 2034 ubique
1584 1983 1685 2021 aluit
1729 1997 1775 2021 ac

205 2057 320 2096 fovit.
357 2057 490 2095 Multa
523 2056 753 2095 admodum
786 2070 833 2094 ac
856 2056 1000 2106 pulcra
1023 2055 1073 2093 de
1097 2069 1144 2093 ea
1166 2054 1345 2105 scripsit,
1370 2054 1596 2105 ediditque,
1632 2062 1673 2092 et
1695 2068 1775 2092 ser-

205 2128 399 2167 monibus
422 2128 787 2179 frequentioribus,
815 2127 1039 2178 praecipue
1069 2126 1108 2164 in
1133 2126 1260 2165 sacris
1283 2125 1634 2177 expeditionibus,
1660 2125 1775 2164 Chri-

203 2199 405 2238 stifideles
424 2199 682 2243 hortabatur,
708 2207 752 2237 ut
775 2199 828 2237 ad
847 2198 935 2236 eius
958 2196 1236 2243 clementiam,
1256 2196 1500 2248 praesertim
1520 2196 1560 2234 in
1579 2196 1774 2235 extremis

202 2270 366 2308 casibus
384 2284 427 2308 se
446 2278 557 2308 totos
577 2269 831 2320 reciperent;
852 2268 1059 2320 siquidem
1083 2268 1123 2306 in
1149 2282 1196 2306 ea
1219 2281 1315 2318 spes
1338 2268 1466 2306 altera
1488 2266 1774 2318 expediendae

202 2340 348 2380 salutis
382 2340 519 2391 posita
551 2340 615 2378 sit.
653 2339 881 2379 Ecclesiam
907 2339 1165 2378 Catholicam
1191 2338 1231 2376 in
1255 2338 1385 2377 oculis
1409 2338 1565 2380 habuit,
1600 2337 1774 2388 eiusque

203 2412 291 2450 iura
314 2420 457 2463 aperte
481 2411 587 2450 tueri
611 2425 694 2450 non
718 2419 781 2450 est
804 2411 976 2450 veritus.
997 2410 1160 2449 Summi
1180 2409 1393 2448 Pontificis
1416 2423 1583 2447 causam
1606 2417 1773 2447 strenue

201 2483 301 2532 egit,
336 2483 510 2534 eiusque
543 2482 802 2534 principatus
837 2482 970 2521 civilis
1004 2495 1165 2520 versam
1200 2480 1332 2518 vicem
1367 2479 1546 2518 maxime
1580 2479 1770 2518 indoluit.

202 2553 456 2592 Societatem
492 2554 599 2599 Iesu,
636 2553 675 2590 in
710 2567 834 2603 quam
859 2553 1103 2591 adolescens
1126 2550 1401 2601 transcriptus
1429 2559 1529 2593 erat,
1564 2550 1771 2601 usquead

203 2624 312 2662 vitae
345 2623 501 2662 exitum
535 2638 703 2662 summo
739 2637 881 2661 amore
925 2622 1169 2673 complexus
1212 2629 1287 2660 est.
1335 2622 1467 2665 Hanc,
1504 2620 1562 2660 uti
1596 2629 1770 2659 matrem

204 2694 324 2739 filius,
358 2695 481 2745 plane
529 2702 716 2740 noverat,
767 2702 808 2733 et
855 2693 958 2744 quid
1006 2693 1164 2738 eadem,
1204 2692 1377 2743 eiusque
1410 2691 1566 2730 alumni
1601 2691 1769 2730 tandem

201 2775 352 2811 essent,
387 2767 502 2806 edito
535 2767 654 2809 libro,
690 2767 826 2817 palam
861 2765 1056 2805 omnibus
1089 2765 1196 2803 fecit.
1230 2765 1510 2814 Quamquam,
1536 2771 1580 2802 ut
1612 2763 1691 2801 hoc
1715 2763 1770 2800 in-

203 2845 446 2883 notesceret,
483 2838 522 2876 in
557 2838 694 2888 ipsum
730 2839 937 2875 Francum
973 2836 1176 2886 inspicere
1215 2835 1472 2885 praestabat;
1507 2833 1664 2884 quippe
1698 2832 1768 2883 qui

204 2907 310 2945 vitae
343 2908 573 2952 sanctitate,
609 2908 823 2947 doctrinae
846 2908 978 2958 copia,
1004 2916 1044 2946 et
1067 2920 1204 2945 rerum
1228 2914 1440 2955 gestarum
1465 2903 1766 2955 magnitudine,
