1926 3200
858 252 910 256 —
950 240 1028 276 253

208 335 396 374 instituit.
418 335 559 373 Serius
575 336 790 385 Augustae
805 333 1080 371 'I'aurinorum
1102 332 1277 382 praefuit
1297 331 1598 373 smlalitatilms,
1619 330 1770 381 quibus

204 421 227 444 a
251 407 403 445 Sancto
432 407 557 444 l'aulo
581 415 621 444 et
645 420 667 443 a
691 405 842 444 Sancta
868 404 1016 442 Ursula
1041 417 1191 441 nomen
1221 412 1283 441 est
1309 403 1496 446 inditum,
1532 410 1572 440 et
1611 401 1768 452 puellas

203 477 373 527 opifices
397 477 448 514 ad
484 477 678 526 pietatem
703 474 895 513 excoluit.
924 474 1141 512 Praeterea
1168 473 1350 511 Hernico
1376 473 1522 514 Vasco,
1549 470 1768 511 Societatis

206 556 373 585 nostrae
408 546 550 589 sodali,
587 546 626 583 in
649 544 984 596 ephemeridibus
1019 543 1270 593 redigendis,
1306 557 1412 593 quae
1436 542 1765 580 inscribebantur

208 619 445 668 L‘cmporl'o
471 618 680 667 popolare,
711 615 884 654 consilio
909 615 1109 665 plurimae
1143 614 1218 652 fuit
1251 613 1428 652 utilitati.
1463 614 1550 651 Nec
1586 612 1684 650 illud
1716 612 1766 650 si-

206 688 332 726 lentio
355 696 417 726 est
451 687 691 736 tegendum,
729 686 908 729 Mellam,
934 693 1079 736 utpote
1113 684 1247 722 virum
1278 684 1506 722 litterarum
1542 697 1616 721 usu
1651 682 1761 720 lima-

205 767 305 800 tum,
330 759 500 797 etfama
535 757 809 796 notissimum.
847 757 1096 794 Monoecum
1130 755 1182 793 ad
1216 769 1331 793 oram
1356 755 1547 805 ligurem,
1583 761 1759 792 exeunte

204 843 312 868 anno
338 839 657 872 MDCCCLXXVI,
692 842 714 864 a
748 827 832 864 suis
866 825 1199 864 moderatoribus
1233 825 1408 863 accitum
1443 838 1546 869 esse,
1572 832 1615 862 ut
1648 823 1765 861 scho-

205 900 336 938 larum
379 898 557 946 collegii.
593 897 656 936 cui
692 910 843 935 nomen
876 911 899 934 a
933 896 1105 945 Virgine
1148 895 1326 946 hospita,
1361 895 1662 945 praefecturam
1698 907 1767 944 ge—

206 978 324 1008 reret.
368 970 540 1019 Iamque
582 967 746 1017 collegii
791 966 978 1015 magistri
1023 974 1063 1004 et
1101 965 1256 1004 alumni
1306 966 1519 1015 ingentem
1568 963 1765 1002 laetitiam

204 1041 343 1079 animo
377 1048 686 1090 praeceperant,
730 1052 858 1089 quum
894 1037 1078 1075 nonnulli
1113 1037 1289 1082 sodaleS,
1335 1036 1509 1074 sortasse
1553 1035 1683 1080 veriti,
1719 1047 1770 1072 ne

205 1112 281 1150 hac
313 1111 364 1149 de
387 1124 509 1148 causa
532 1109 620 1148 eius
644 1109 751 1147 vires
774 1109 824 1146 ab
849 1108 1045 1158 operibus
1069 1106 1392 1151 conscribendis,
1414 1106 1564 1156 quibus
1588 1113 1769 1143 mentem

203 1181 459 1220 admoverat.
495 1179 666 1218 nimium
691 1179 1030 1222 distraherentur,
1063 1178 1211 1215 Mellae
1245 1176 1544 1227 profectionem
1578 1175 1769 1226 interpel-

207 1253 408 1290 laverunt.

296 1322 532 1365 Enimvero,
583 1321 633 1358 ab
681 1334 789 1358 anno
840 1330 1078 1357 ,xiocchm
1123 1319 1175 1356 ad
1222 1332 1375 1356 annum
1410 1328 1768 1362 MDccCLxxvnl,

211 1393 346 1435 Mell'a,
392 1400 556 1442 praeter
598 1390 760 1429 labores
809 1403 915 1440 quos
964 1402 1088 1439 supra
1122 1388 1458 1433 memoravimus,
1493 1388 1595 1426 alios
1628 1387 1766 1433 etiam,

206 1476 362 1513 eosque
395 1461 678 1512 gravisshnos,
713 1460 942 1511 explendos
976 1459 1170 1510 suscepit.
1207 1460 1313 1497 Nam
1349 1459 1557 1497 insudavit
1589 1466 1629 1496 et
1662 1458 1766 1503 alsit,

207 1542 251 1572 ut
282 1532 545 1571 documentis
579 1531 828 1577 ostenderet,
864 1530 1239 1581 praeclarissiimim
1264 1529 1363 1567 illud
1387 1543 1505 1580 opus,
1531 1529 1595 1567 cui
1626 1528 1773 1567 titulus

207 1605 273 1642 De
306 1604 540 1642 lmz'talz'one
578 1602 738 1641 Christi
777 1616 799 1640 a
842 1602 996 1639 Ioanne
1040 1600 1244 1640 Gersenio
1283 1599 1593 1644 Caballiacensi,
1629 1599 1769 1637 Sancti

206 1673 406 1723 Stephani
439 1672 720 1710 Vercellarum
753 1672 914 1717 abbate,
949 1670 1183 1709 confectum
1213 1683 1315 1708 esse.
1344 1670 1437 1707 Hoc
1469 1669 1656 1714 consilio,
1692 1668 1774 1707 dis-

204 1743 451 1782 sertationes
484 1742 642 1793 oppido
676 1742 858 1780 eruditas
891 1740 1149 1791 conscripsit,
1185 1748 1225 1778 et
1259 1739 1299 1778 in
1332 1739 1669 1790 ephemeridibus
1702 1739 1768 1777 La

210 1815 360 1854 Civz‘ltc'z
400 1815 594 1853 Cattoll'ccz
626 1813 808 1851 edendas
847 1811 1018 1850 curavit.
1068 1811 1247 1849 Easdem
1291 1818 1436 1860 postea
1480 1810 1679 1860 singulari
1714 1809 1770 1847 in-

206 1885 327 1924 clusit
360 1885 499 1923 libello
522 1898 567 1922 ac
590 1883 728 1921 denuo
752 1882 995 1931 invulgavit.
1022 1890 1135 1920 tanta
1158 1881 1362 1925 felicitate,
1388 1889 1431 1918 ut
1455 1894 1476 1918 a
1501 1879 1598 1917 viris
1636 1878 1769 1917 doctis

206 1969 360 2004 magno
390 1955 428 1993 in
463 1954 597 2005 pretio
631 1953 712 1992 sint
745 1953 935 1994 habitae,
971 1961 1010 1990 et
1044 1951 1331 2002 quaestionem
1376 1950 1700 1988 vetustissimam
1732 1964 1771 1988 a-

204 2026 506 2076 cerrimamque
530 2024 694 2075 penitus
717 2023 910 2062 dirimere
934 2023 1045 2061 visae
1069 2022 1163 2061 sint.
1184 2023 1240 2060 At
1258 2036 1370 2063 vero,
1397 2029 1439 2059 ut
1464 2021 1503 2059 in
1527 2020 1766 2059 huiusmodi

207 2095 504 2134 controversiis
527 2094 712 2133 accidere
735 2093 964 2139 consuevit,
985 2106 1103 2143 quae,
1126 2100 1220 2142 post
1244 2091 1422 2130 infinitas
1446 2091 1771 2141 disceptationes

207 2167 315 2205 ultro
350 2166 538 2216 citroque
571 2165 744 2206 habitas,
781 2163 837 2202 uti
872 2172 1004 2204 antea.
1041 2163 1095 2201 ita
1128 2170 1273 2213 postea
1307 2170 1499 2200 maneant
1524 2161 1562 2199 in
1586 2161 1769 2211 ancipiti,

206 2236 283 2275 alia
316 2251 338 2274 a
371 2234 619 2274 Germaniae
654 2234 751 2272 viris
784 2233 973 2272 litteratis
1006 2233 1255 2270 documenta
1279 2231 1318 2269 in
1353 2231 1534 2270 medium
1560 2240 1655 2269 sunt
1681 2245 1773 2282 pro-

206 2307 300 2348 lata,
335 2320 442 2357 quae
477 2306 624 2343 Mellae
658 2305 898 2355 opinionem
925 2304 1143 2344 infirmare.
1170 2303 1268 2353 quin
1292 2302 1415 2341 ctiam
1439 2310 1624 2340 evertere
1659 2301 1768 2339 vide-

205 2386 357 2416 rentur.
394 2377 530 2427 Quam
564 2376 618 2413 ob
652 2389 737 2413 rem
771 2374 892 2412 huius
926 2373 1180 2424 quaestionis
1205 2373 1325 2423 plena
1349 2372 1449 2410 fides
1472 2372 1607 2410 adhuc
1641 2385 1770 2422 penes

204 2455 395 2485 auctores
430 2455 579 2484 manet.
616 2445 731 2484 Idem
766 2446 889 2482 Mella
924 2443 1302 2483 Caballiacensibus
1335 2452 1490 2488 auctor,
1526 2442 1589 2480 vel
1623 2455 1767 2480 suasor

203 2517 328 2555 fuisse
361 2517 522 2562 dicitur,
557 2525 601 2555 ut
635 2516 778 2554 Ioanni
813 2515 1028 2559 Gersenio,
1055 2514 1245 2564 populari
1269 2527 1356 2558 suo,
1383 2526 1661 2551 marmoreum
1687 2526 1774 2551 mo-

205 2593 450 2623 numentum
483 2594 700 2635 ponerent.
738 2586 784 2623 Id
819 2594 958 2623 autem
994 2598 1146 2632 magna
1179 2597 1335 2634 pompa
1368 2583 1563 2633 religiosa
1596 2590 1635 2620 et
1657 2581 1766 2620 civili

204 2664 266 2693 est
299 2654 504 2699 effectum,
539 2668 648 2693 anno
681 2669 705 2693 a
737 2654 904 2693 Christo
940 2663 1036 2692 nato
1073 2666 1104 2691 M
1134 2664 1249 2692 Dece
1277 2664 1433 2690 Lxxiv.

294 2725 359 2763 Ad
382 2726 482 2763 haec
501 2739 628 2775 opera
651 2725 762 2763 aliud
787 2725 1075 2775 praestabilius
1098 2724 1283 2762 accessit.
1305 2723 1468 2773 Scripta
1492 2723 1667 2761 Sanctae
1690 2722 1766 2759 Te-

203 2795 345 2841 resiae,
381 2795 522 2833 matris
556 2794 751 2844 legiferae
785 2809 807 2832 a
831 2794 968 2832 Natali
1003 2793 1192 2832 Santinio
1232 2792 1452 2832 Societatis
1488 2793 1592 2837 Iesu,
1634 2791 1673 2829 in
1699 2791 1769 2830 ita-

205 2866 330 2904 licum
365 2879 600 2903 sermonem
634 2865 842 2906 translata,
879 2865 1084 2914 supplere,
1111 2877 1267 2914 perque
1291 2863 1464 2901 eruditis
1487 2871 1527 2901 et
1561 2860 1772 2913 perpetuis
