1926 3200
976 743 1047 781 VI.

678 961 994 1010 NATALIS
1051 959 1345 1008 SANTINI

232 1383 315 1489 IN
349 1379 482 1417 lucem
506 1378 640 1416 editus
664 1385 727 1415 est
750 1375 957 1414 Novariae
981 1375 1020 1412 in
1044 1373 1257 1419 suburbio,
1284 1373 1348 1412 cui
1373 1388 1394 1411 a
1419 1374 1572 1412 Sancto
1608 1374 1791 1413 Martino

315 1463 479 1493 nomen,
514 1462 623 1487 anno
657 1446 905 1486 christianae
939 1445 1082 1484 salutis
1122 1456 1377 1489 MDCCCXIX,
1419 1454 1544 1495 atque
1578 1445 1683 1484 inter
1717 1446 1791 1484 So-

224 1520 383 1560 cietatis
416 1529 581 1558 nostrae
614 1519 805 1557 alumnos
838 1525 1035 1567 exceptus
1076 1515 1228 1561 Cherii,
1263 1529 1394 1553 annos
1429 1524 1548 1554 natus
1588 1530 1715 1554 unum
1749 1525 1789 1555 et

224 1592 385 1643 viginti.
421 1591 548 1641 Quod
581 1590 620 1628 in
654 1589 789 1640 patrio
832 1587 1010 1639 collegio
1054 1586 1294 1631 Gallarinio‚
1340 1585 1405 1624 cui
1449 1586 1612 1625 sodales
1656 1586 1788 1625 nostri

226 1671 456 1714 praeerant,
506 1661 756 1700 curriculum
804 1660 1047 1703 litterarum,
1099 1657 1277 1709 plurima
1321 1657 1477 1709 ingenii
1510 1666 1550 1696 et
1583 1658 1790 1696 sollertiae

227 1733 601 1778 commendatione,
638 1731 806 1770 metitus
839 1739 937 1776 erat,
973 1729 1141 1775 idcirco,
1177 1729 1277 1767 illud
1311 1728 1460 1779 ipsum,
1487 1729 1544 1767 uti
1578 1729 1690 1779 apud
1713 1743 1790 1767 nos

224 1805 350 1844 moris
369 1813 442 1849 est,
464 1817 547 1842 non
565 1812 628 1841 est
646 1816 878 1847 remensus;
899 1801 983 1845 sed,
1005 1800 1197 1839 tirocinio
1216 1799 1381 1850 pietatis
1400 1800 1587 1838 nondum
1607 1800 1787 1850 expleto,

225 1877 339 1928 quod
373 1889 523 1926 nempe
556 1883 690 1913 aetate
724 1873 803 1911 iam
837 1871 1076 1923 provectior
1108 1880 1206 1916 erat,
1242 1880 1283 1909 et
1320 1870 1413 1921 pius
1458 1870 1497 1908 in
1536 1871 1787 1921 exemplum,

225 1947 441 1986 confestim
466 1946 506 1984 in
530 1944 754 1996 collegium
780 1943 934 1982 Iriense
958 1942 1109 1981 missus
1142 1950 1216 1987 est,
1241 1941 1556 1991 grammaticam
1591 1942 1791 1992 puerulos

222 2018 434 2057 docturus.
471 2016 580 2054 Hinc
629 2024 725 2066 post
772 2027 925 2052 annum
959 2012 1191 2051 Taurinum
1224 2012 1350 2058 venit,
1391 2021 1432 2050 et
1474 2011 1787 2062 philosophiam

225 2088 391 2127 biennio
440 2086 625 2125 recoluit.
677 2084 863 2124 Subinde
912 2083 1035 2122 Iriam
1086 2096 1313 2133 regressus,
1363 2082 1531 2128 litteras,
1583 2096 1689 2133 quae
1738 2083 1791 2120 ab

224 2158 481 2198 humanitate
514 2170 667 2196 nomen
703 2155 932 2200 inveniunt,
968 2153 1056 2204 pari
1090 2167 1294 2192 annorum
1329 2152 1478 2203 spatio,
1513 2152 1684 2203 egregie
1713 2160 1791 2190 tra-

223 2230 340 2269 didit.
377 2228 484 2268 Dein
519 2228 699 2267 Nicaeae
731 2235 771 2265 et
795 2227 967 2265 Genuae
991 2223 1240 2263 rhetoricam
1265 2232 1326 2262 est
1350 2223 1582 2274 professus;
1617 2232 1657 2262 et
1681 2231 1792 2261 utro-

223 2301 348 2351 bique
380 2298 694 2350 exspectationi,
730 2311 855 2348 quam
894 2296 1158 2340 excitaverat,
1195 2295 1403 2333 cumulate
1442 2293 1654 2333 satisfecit.
1692 2294 1792 2332 Post

224 2373 337 2417 haec,
373 2371 427 2409 ob
460 2371 602 2409 turbas
636 2368 852 2408 hominum
887 2367 1168 2412 factiosorum,
1204 2380 1310 2416 quae
1333 2379 1442 2404 anno
1477 2376 1787 2403 MDCCCXLVHI

225 2443 264 2481 in
298 2451 482 2481 nostram
516 2440 768 2480 Societatem
803 2447 899 2477 sunt
932 2446 1179 2482 commotae,
1221 2436 1454 2475 sacerdotio
1499 2450 1677 2486 propere
1720 2435 1792 2473 ini-

224 2514 361 2559 tiatus,
398 2513 438 2551 in
462 2512 640 2551 Sabinos
664 2525 707 2549 se
731 2510 898 2561 recepit,
925 2509 1065 2560 ibique
1089 2522 1300 2546 sacrorum
1325 2508 1515 2545 alumnos
1540 2507 1791 2545 rhetoricam

223 2583 403 2623 edocuit.
458 2583 546 2622 Sub
600 2582 755 2621 exitum
810 2580 904 2619 anni
960 2578 1238 2630 insequenti&
1294 2592 1451 2616 sacram
1505 2577 1789 2628 theologiam,

223 2656 383 2693 Romae
402 2654 680 2692 in·Athenaeo
700 2651 964 2703 Gregoriano
983 2659 1045 2688 est
1063 2649 1314 2700 auspicatus,
1335 2649 1594 2700 eandemque
1615 2647 1791 2686 Lavallii

222 2726 333 2776 apud
352 2725 495 2764 Gallos
513 2723 709 2774 explevit.
732 2722 863 2761 Laetii
883 2722 1051 2760 demum
1077 2720 1244 2759 tertium
1269 2719 1435 2770 pietatis
1458 2733 1611 2757 annum
1636 2718 1788 2768 exegit.

309 2797 424 2834 Haec
457 2794 580 2833 huius
615 2792 813 2845 praeclari
847 2792 922 2830 viri
947 2791 1131 2841 auspicia
1154 2791 1285 2835 fuere;
1311 2803 1395 2840 quo
1425 2789 1549 2828 etiam
1584 2797 1790 2839 tempore,

221 2868 436 2918 complura
483 2866 699 2917 opuscula,
751 2864 814 2902 vel
864 2863 1020 2914 pietati.
1066 2862 1129 2900 vel
1163 2861 1309 2899 litteris
1343 2860 1545 2905 fovendis,
1583 2859 1621 2897 in
1656 2860 1790 2897 lucem

1714 2959 1720 2982 Ι
