1926 3200
860 248 1061 284 ,5-

181 355 275 380 cum
310 342 439 380 Gallis
474 342 572 392 ipsis
617 341 727 380 socia
760 356 873 380 arma
917 343 1057 384 iunxit,
1104 343 1182 381 hoc
1229 354 1363 381 tamen
1401 354 1535 394 pacto,
1572 359 1634 386 ne,
1670 346 1740 397 qui

184 413 332 451 milites
371 414 576 464 subalpini
616 413 655 451 in
693 427 836 451 eorum
875 414 1055 452 exercitu
1094 414 1299 464 stipendia
1339 424 1554 460 mererent,
1596 426 1739 454 contra

184 483 403 521 Summum
444 483 684 522 Pontificem
723 498 836 522 arma
869 484 972 522 ferre
1012 484 1260 523 iuberentur.
1303 485 1394 523 Alia
1433 486 1557 524 etiam
1593 486 1737 524 iisdem

181 553 403 593 liberaliter
442 554 623 599 indulsit,
663 554 694 592 si
733 555 838 593 forte
876 555 952 593 hac
989 555 1054 593 via
1092 564 1319 594 extremam
1353 570 1375 594 a
1413 570 1544 605 regno
1577 557 1737 595 calami-

184 632 310 663 tatem
350 626 624 676 propulsaret.
660 627 716 664 At
748 640 978 676 perperam.
1016 627 1121 664 Nam
1157 627 1263 665 Galli
1298 627 1349 665 de
1388 641 1485 677 rege
1523 628 1738 678 perdendo

183 694 338 733 iamdiu
372 696 589 734 consilium
625 696 810 734 inierant.
847 698 937 735 Hac
960 705 1108 741 mente,
1143 698 1378 748 complures
1411 697 1620 737 effrenatis
1654 712 1737 737 mo-

182 765 294 804 ribus
329 766 528 809 homines,
564 775 604 804 et
637 780 773 804 rerum
807 781 1007 805 novarum
1037 767 1190 817 cupidi,
1216 768 1267 806 ab
1292 767 1338 805 iis
1363 768 1425 806 vel
1461 768 1645 815 immissi,
1672 769 1734 807 vel

182 836 350 882 incitati,
386 837 517 887 patria
550 836 702 887 pietate
735 838 929 887 proiecta,
971 847 1152 876 veterem
1191 838 1451 888 disciplinam
1487 848 1736 889 pervertere,

183 909 279 947 odia
318 909 509 948 intestina
542 909 694 955 fovere,
735 909 906 960 iuraque
944 910 1082 948 onmia
1116 909 1295 948 humana
1328 918 1367 948 et
1401 910 1541 949 divina
1574 911 1736 949 abrum-

183 992 281 1029 pere
313 988 551 1030 coeperunt,
592 988 637 1018 ut
670 993 734 1018 res
766 994 1065 1030 saepenumero
1098 994 1191 1018 cum
1232 980 1309 1018 illis
1346 981 1490 1031 gladio
1529 990 1637 1020 esset
1670 996 1737 1031 ge-

182 1049 322 1093 renda,
363 1063 498 1100 neque
535 1058 671 1088 tamen
710 1063 782 1088 rex
824 1050 1051 1100 quidquam
1094 1050 1324 1100 proficeret.
1365 1051 1431 1089 Ad
1471 1051 1570 1090 haec
1613 1052 1734 1097 Galli,

184 1132 268 1169 quo
301 1119 524 1158 faciliorem
558 1120 635 1159 sibi
659 1121 711 1159 ad
735 1134 910 1172 regnum
934 1121 1205 1159 evertendum
1229 1121 1336 1159 viani
1371 1130 1614 1167 sternerent,
1646 1136 1737 1161 arce

184 1190 345 1229 taurina
377 1199 589 1242 occupata,
624 1206 646 1230 a
678 1206 778 1243 rege
815 1192 1089 1242 postularunt,
1125 1201 1170 1231 ut
1202 1206 1411 1231 armorum
1457 1193 1660 1232 officinam
1696 1194 1736 1232 in

181 1274 303 1299 suum
337 1261 521 1312 ipsorum
554 1262 767 1301 arbitrium
803 1262 1072 1313 permitteret.

272 1332 397 1382 Quod
432 1346 502 1370 rex
535 1346 663 1383 quum
697 1333 880 1383 praecise
909 1333 1156 1384 negavisset,
1193 1348 1242 1372 ne
1276 1334 1500 1385 praecipuo
1533 1336 1650 1386 regni
1675 1351 1736 1374 ro-

181 1402 281 1441 bore
304 1404 599 1453 expoliaretur;
634 1418 680 1442 ac
704 1413 916 1454 praeterea
945 1405 1193 1448 sacerdotes,
1228 1405 1426 1456 aliosque,
1458 1406 1529 1456 qui
1559 1420 1580 1444 e
1604 1407 1737 1445 Gallia

182 1472 223 1511 in
271 1487 387 1512 suam
436 1474 635 1513 ditionem
683 1475 957 1526 confugerant
999 1476 1051 1513 ad
1094 1476 1280 1521 salutem,
1331 1476 1477 1515 eiicere
1521 1478 1734 1521 noluisset,

185 1544 401 1590 Iobertius,
437 1546 651 1584 Gallorum
675 1546 761 1584 dux
788 1560 1018 1596 supremus,
1045 1546 1284 1585 Mediolano
1307 1561 1399 1585 cum
1434 1562 1585 1598 magna
1609 1563 1732 1588 manu

181 1623 245 1653 est
268 1616 488 1665 profectus,
514 1625 555 1655 et
579 1617 816 1663 Novariam,
842 1617 1134 1667 Vercellasque
1162 1631 1212 1655 ex
1245 1617 1472 1668 improviso
1507 1619 1733 1670 ingressus,

183 1683 263 1722 iam
298 1685 454 1724 infestis
488 1686 622 1737 signis
654 1687 1030 1738 adpropinquabat,
1055 1695 1099 1725 ut
1122 1687 1162 1725 in
1195 1702 1342 1738 agrum
1377 1689 1672 1735 taurinensem,
1697 1700 1738 1729 et

182 1755 413 1806 principem
448 1757 487 1795 in
521 1758 664 1796 urbem
704 1758 903 1808 impetum
957 1759 1119 1797 faceret.
1171 1760 1265 1798 Hoc
1302 1760 1371 1798 ubi
1411 1774 1481 1798 rex
1522 1761 1735 1805 intellexit,

185 1826 313 1865 sensit
345 1827 421 1866 sibi
456 1828 687 1866 necessario
719 1842 809 1867 esse
833 1829 1104 1879 pereundum.
1142 1830 1300 1880 Itaque,
1336 1844 1589 1881 quamquam
1614 1832 1736 1870 fidem

182 1911 300 1936 suam
334 1899 503 1949 egregie
537 1898 791 1943 liberaverat,
821 1907 957 1938 tamen
991 1900 1239 1950 proditionis
1263 1915 1285 1939 a
1309 1901 1437 1940 Gallis
1462 1902 1735 1947 insimulatus,

182 1982 228 2007 se
262 1982 392 2019 regno
435 1969 653 2008 abdicavit.
698 1970 844 2020 Regiis
886 1971 1057 2009 aedibus
1100 1985 1355 2021 egressurus,
1400 1972 1563 2010 cuidam
1598 1987 1619 2011 e
1652 1973 1737 2011 suis

186 2040 383 2086 monenti,
411 2049 456 2079 ut
483 2040 694 2091 ingentem
719 2041 917 2091 pecuniae
940 2041 1036 2087 vim,
1071 2050 1110 2080 et
1133 2055 1320 2092 gemmas
1352 2043 1736 2094 conquisitissimas,

183 2124 292 2161 quae
326 2111 413 2149 eius
447 2111 547 2150 iuris
581 2120 730 2157 essent,
766 2126 904 2151 secum
939 2122 1182 2163 asportaret,
1218 2127 1320 2151 neve
1353 2127 1421 2152 eas
1460 2114 1650 2153 hostibus
1683 2115 1740 2153 di-

182 2181 393 2232 ripiendas
442 2182 715 2233 relinqueret:
765 2197 787 2221 «
826 2184 926 2227 Has,
971 2183 1126 2234 inquit,
1176 2183 1209 2221 si
1257 2183 1469 2234 diripient,
1520 2199 1542 2223 a
1584 2185 1735 2223 civium

181 2252 345 2303 opibus,
380 2267 486 2304 quos
519 2253 610 2292 loco
644 2253 821 2292 filiorum
856 2253 1000 2299 habeo,
1035 2254 1193 2293 facilius
1225 2254 1491 2294 abstinebunt
1514 2270 1557 2294 ›>.
1594 2256 1737 2294 Sacro-

182 2333 367 2362 sanctam
402 2323 556 2362 Christi
592 2324 684 2362 Iesu
707 2323 949 2369 Sindonem,
981 2339 1105 2375 quam
1141 2325 1180 2363 in
1214 2325 1331 2376 regio
1364 2325 1542 2364 sacrario
1577 2326 1739 2377 religio-

178 2393 340 2432 sissime
372 2394 621 2439 asservabat,
656 2408 795 2433 secum
830 2394 869 2432 in
904 2395 1156 2440 Sardiniam,
1191 2409 1315 2446 quam
1350 2410 1473 2434 unam
1508 2396 1615 2435 Galli
1649 2396 1738 2435 reli-

180 2478 305 2515 quam
360 2465 395 2503 ei
444 2465 650 2511 fecerant,
700 2465 965 2504 transvehere
1007 2466 1220 2517 cogitavit.
1269 2467 1424 2504 Verum
1467 2481 1489 2505 a
1533 2467 1737 2506 sententia

177 2535 415 2574 discedens:
448 2550 470 2574 «
509 2537 624 2575 Haec
656 2536 844 2586 quidem,
880 2536 1031 2587 inquit,
1076 2551 1119 2575 se
1168 2537 1256 2587 ipsa
1304 2537 1487 2576 tuebitur
1511 2553 1532 2575 »
1565 2569 1571 2576 .
1628 2539 1733 2576 Rem

179 2606 372 2656 probavit
404 2615 576 2645 eventus
610 2608 686 2657 (3).

271 2677 428 2728 Itaque,
473 2691 581 2715 anno
630 2689 920 2723 MDCCXCVIII,
970 2693 1062 2717 cum
1114 2678 1243 2716 Maria
1293 2678 1485 2724 Clotilde,
1539 2679 1734 2729 coniuge,

183 2747 343 2786 civibus
383 2748 769 2799 ingemiscentibus,
810 2757 930 2788 nocte
972 2749 1237 2800 intempesta,
1278 2749 1413 2788 hieme
1447 2749 1735 2800 frigidissima,

181 2830 227 2855 ac
260 2817 476 2856 decidente
520 2818 624 2863 nive,
665 2819 715 2857 ab
753 2819 853 2857 urbe
896 2828 959 2858 est
991 2833 1197 2870 egressus,
1233 2828 1273 2858 et
1306 2819 1469 2869 magnis
1504 2820 1734 2865 itineribuS,

181 2886 224 2925 in
257 2887 471 2938 regionem
505 2902 764 2938 parmensem
808 2889 987 2928 devenit.
1024 2891 1143 2928 Hanc
1182 2889 1351 2928 vixdum
1395 2890 1601 2939 attigerat,
1642 2903 1734 2928 cum
