<?xml version="1.0" encoding="UTF-8"?>
<!DOCTYPE html PUBLIC "-//W3C//DTD XHTML 1.0 Transitional//EN"
    "http://www.w3.org/TR/xhtml1/DTD/xhtml1-transitional.dtd">
<html xmlns="http://www.w3.org/1999/xhtml" xml:lang="en" lang="en">
 <head>
  <title>
</title>
<meta http-equiv="Content-Type" content="text/html;charset=utf-8" />
  <meta name='ocr-system' content='tesseract 3.04.00' />
  <meta name='ocr-capabilities' content='ocr_page ocr_carea ocr_par ocr_line ocrx_word'/>
</head>
<body>
  <div class='ocr_page' id='page_1' title='image "./declarissodalibu00casa_0068.png"; bbox 0 0 1926 3200; ppageno 0'>
   <div class='ocr_carea' id='block_1_1' title="bbox 865 213 1102 250">
    <p class='ocr_par' dir='ltr' id='par_1_1' title="bbox 865 213 1102 250">
     <span class='ocr_line' id='line_1_1' title="bbox 865 213 1102 250; baseline -0.004 -19"><span class='ocrx_word' id='word_1_1' title='bbox 865 213 1102 250; x_wconf 60' lang='grc'>,44-</span> 
     </span>
    </p>
   </div>
   <div class='ocr_carea' id='block_1_2' title="bbox 195 307 1775 2921">
    <p class='ocr_par' dir='ltr' id='par_1_2' title="bbox 195 307 1769 929">
     <span class='ocr_line' id='line_1_2' title="bbox 197 307 1766 358; baseline -0.001 -8"><span class='ocrx_word' id='word_1_2' title='bbox 197 311 340 350; x_wconf 85' lang='lat' dir='ltr'>Nihilo</span> <span class='ocrx_word' id='word_1_3' title='bbox 373 310 507 349; x_wconf 89' lang='lat' dir='ltr'>secius</span> <span class='ocrx_word' id='word_1_4' title='bbox 541 324 624 349; x_wconf 92' lang='lat' dir='ltr'>non</span> <span class='ocrx_word' id='word_1_5' title='bbox 658 309 876 354; x_wconf 77' lang='lat' dir='ltr'>minorem,</span> <span class='ocrx_word' id='word_1_6' title='bbox 927 307 1027 358; x_wconf 90' lang='lat' dir='ltr'>quin</span> <span class='ocrx_word' id='word_1_7' title='bbox 1060 307 1183 346; x_wconf 87' lang='lat' dir='ltr'>etiam</span> <span class='ocrx_word' id='word_1_8' title='bbox 1218 307 1432 354; x_wconf 88' lang='lat' dir='ltr'>maiorem,</span> <span class='ocrx_word' id='word_1_9' title='bbox 1468 307 1508 346; x_wconf 91' lang='lat' dir='ltr'>in</span> <span class='ocrx_word' id='word_1_10' title='bbox 1541 308 1687 348; x_wconf 88' lang='lat' dir='ltr'>litteris</span> <span class='ocrx_word' id='word_1_11' title='bbox 1720 324 1766 348; x_wconf 92' lang='lat' dir='ltr'>ac</span> 
     </span>
     <span class='ocr_line' id='line_1_3' title="bbox 195 378 1764 430; baseline -0.001 -9"><span class='ocrx_word' id='word_1_12' title='bbox 195 382 379 421; x_wconf 76' lang='lat' dir='ltr'>scientiis</span> <span class='ocrx_word' id='word_1_13' title='bbox 402 381 560 420; x_wconf 80' lang='lat' dir='ltr'>alendis</span> <span class='ocrx_word' id='word_1_14' title='bbox 582 380 870 430; x_wconf 86' lang='lat' dir='ltr'>fovendisque,</span> <span class='ocrx_word' id='word_1_15' title='bbox 891 378 1210 417; x_wconf 82' lang='lat' dir='ltr'>admirationem</span> <span class='ocrx_word' id='word_1_16' title='bbox 1229 378 1291 417; x_wconf 88' lang='lat' dir='ltr'>sui</span> <span class='ocrx_word' id='word_1_17' title='bbox 1315 378 1522 418; x_wconf 83' lang='lat' dir='ltr'>excitavit.</span> <span class='ocrx_word' id='word_1_18' title='bbox 1543 379 1764 419; x_wconf 91' lang='lat' dir='ltr'>Librorum</span> 
     </span>
     <span class='ocr_line' id='line_1_4' title="bbox 196 449 1767 505; baseline -0.002 -12"><span class='ocrx_word' id='word_1_19' title='bbox 196 453 535 505; x_wconf 86' lang='lat' dir='ltr'>scriptorumque</span> <span class='ocrx_word' id='word_1_20' title='bbox 567 452 838 503; x_wconf 84' lang='lat' dir='ltr'>omnigenam</span> <span class='ocrx_word' id='word_1_21' title='bbox 872 450 1063 489; x_wconf 85' lang='lat' dir='ltr'>notitiam</span> <span class='ocrx_word' id='word_1_22' title='bbox 1097 449 1260 496; x_wconf 89' lang='lat' dir='ltr'>habuit;</span> <span class='ocrx_word' id='word_1_23' title='bbox 1295 457 1335 488; x_wconf 90' lang='lat' dir='ltr'>et</span> <span class='ocrx_word' id='word_1_24' title='bbox 1368 450 1408 488; x_wconf 91' lang='lat' dir='ltr'>in</span> <span class='ocrx_word' id='word_1_25' title='bbox 1452 450 1567 489; x_wconf 91' lang='lat' dir='ltr'>libris</span> <span class='ocrx_word' id='word_1_26' title='bbox 1599 451 1767 503; x_wconf 92' lang='lat' dir='ltr'>conqui-</span> 
     </span>
     <span class='ocr_line' id='line_1_5' title="bbox 197 521 1765 572; baseline -0.003 -8"><span class='ocrx_word' id='word_1_27' title='bbox 197 525 350 570; x_wconf 89' lang='lat' dir='ltr'>rendis,</span> <span class='ocrx_word' id='word_1_28' title='bbox 386 523 664 568; x_wconf 84' lang='lat' dir='ltr'>recensendis,</span> <span class='ocrx_word' id='word_1_29' title='bbox 701 521 955 561; x_wconf 86' lang='lat' dir='ltr'>illustrandis</span> <span class='ocrx_word' id='word_1_30' title='bbox 988 535 1035 560; x_wconf 89' lang='lat' dir='ltr'>ac</span> <span class='ocrx_word' id='word_1_31' title='bbox 1068 521 1206 559; x_wconf 90' lang='lat' dir='ltr'>denuo</span> <span class='ocrx_word' id='word_1_32' title='bbox 1239 521 1412 559; x_wconf 90' lang='lat' dir='ltr'>edendis</span> <span class='ocrx_word' id='word_1_33' title='bbox 1445 521 1648 572; x_wconf 90' lang='lat' dir='ltr'>plurimus</span> <span class='ocrx_word' id='word_1_34' title='bbox 1676 522 1765 568; x_wconf 88' lang='lat' dir='ltr'>fuit,</span> 
     </span>
     <span class='ocr_line' id='line_1_6' title="bbox 197 591 1768 643; baseline -0.002 -8"><span class='ocrx_word' id='word_1_35' title='bbox 197 604 243 635; x_wconf 92' lang='lat' dir='ltr'>ut</span> <span class='ocrx_word' id='word_1_36' title='bbox 275 603 406 634; x_wconf 88' lang='lat' dir='ltr'>totam</span> <span class='ocrx_word' id='word_1_37' title='bbox 440 602 631 637; x_wconf 83' lang='lat' dir='ltr'>aetatem,</span> <span class='ocrx_word' id='word_1_38' title='bbox 668 593 780 632; x_wconf 90' lang='lat' dir='ltr'>nulla</span> <span class='ocrx_word' id='word_1_39' title='bbox 826 592 891 631; x_wconf 91' lang='lat' dir='ltr'>vel</span> <span class='ocrx_word' id='word_1_40' title='bbox 925 591 1096 630; x_wconf 89' lang='lat' dir='ltr'>minima</span> <span class='ocrx_word' id='word_1_41' title='bbox 1128 591 1331 642; x_wconf 88' lang='lat' dir='ltr'>temporis</span> <span class='ocrx_word' id='word_1_42' title='bbox 1364 591 1567 643; x_wconf 85' lang='lat' dir='ltr'>particula</span> <span class='ocrx_word' id='word_1_43' title='bbox 1589 601 1768 643; x_wconf 89' lang='lat' dir='ltr'>praeter-</span> 
     </span>
     <span class='ocr_line' id='line_1_7' title="bbox 197 661 1766 715; baseline -0.002 -10"><span class='ocrx_word' id='word_1_44' title='bbox 197 666 336 712; x_wconf 89' lang='lat' dir='ltr'>missa,</span> <span class='ocrx_word' id='word_1_45' title='bbox 371 666 411 704; x_wconf 91' lang='lat' dir='ltr'>in</span> <span class='ocrx_word' id='word_1_46' title='bbox 444 665 524 704; x_wconf 94' lang='lat' dir='ltr'>hoc</span> <span class='ocrx_word' id='word_1_47' title='bbox 557 663 832 715; x_wconf 88' lang='lat' dir='ltr'>insumpsisse</span> <span class='ocrx_word' id='word_1_48' title='bbox 864 662 1089 702; x_wconf 90' lang='lat' dir='ltr'>videretur.</span> <span class='ocrx_word' id='word_1_49' title='bbox 1127 661 1319 701; x_wconf 85' lang='lat' dir='ltr'>Pluribus</span> <span class='ocrx_word' id='word_1_50' title='bbox 1354 662 1395 700; x_wconf 92' lang='lat' dir='ltr'>in</span> <span class='ocrx_word' id='word_1_51' title='bbox 1428 662 1615 714; x_wconf 82' lang='lat' dir='ltr'>collegiis</span> <span class='ocrx_word' id='word_1_52' title='bbox 1638 663 1766 702; x_wconf 89' lang='lat' dir='ltr'>vitam</span> 
     </span>
     <span class='ocr_line' id='line_1_8' title="bbox 197 733 1769 788; baseline -0.003 -12"><span class='ocrx_word' id='word_1_53' title='bbox 197 737 303 788; x_wconf 89' lang='lat' dir='ltr'>egit;</span> <span class='ocrx_word' id='word_1_54' title='bbox 339 736 379 774; x_wconf 92' lang='lat' dir='ltr'>in</span> <span class='ocrx_word' id='word_1_55' title='bbox 413 750 520 787; x_wconf 89' lang='lat' dir='ltr'>quae</span> <span class='ocrx_word' id='word_1_56' title='bbox 554 735 719 786; x_wconf 90' lang='lat' dir='ltr'>singula</span> <span class='ocrx_word' id='word_1_57' title='bbox 752 742 796 773; x_wconf 91' lang='lat' dir='ltr'>ut</span> <span class='ocrx_word' id='word_1_58' title='bbox 829 733 981 784; x_wconf 89' lang='lat' dir='ltr'>pedem</span> <span class='ocrx_word' id='word_1_59' title='bbox 1026 733 1233 777; x_wconf 84' lang='lat' dir='ltr'>intulerat,</span> <span class='ocrx_word' id='word_1_60' title='bbox 1274 733 1486 779; x_wconf 90' lang='lat' dir='ltr'>continuo,</span> <span class='ocrx_word' id='word_1_61' title='bbox 1527 733 1592 772; x_wconf 92' lang='lat' dir='ltr'>vel</span> <span class='ocrx_word' id='word_1_62' title='bbox 1625 734 1769 773; x_wconf 89' lang='lat' dir='ltr'>volun—</span> 
     </span>
     <span class='ocr_line' id='line_1_9' title="bbox 197 804 1769 859; baseline -0.003 -11"><span class='ocrx_word' id='word_1_63' title='bbox 197 817 295 855; x_wconf 82' lang='lat' dir='ltr'>tate,</span> <span class='ocrx_word' id='word_1_64' title='bbox 330 809 396 847; x_wconf 92' lang='lat' dir='ltr'>vel</span> <span class='ocrx_word' id='word_1_65' title='bbox 434 815 587 859; x_wconf 90' lang='lat' dir='ltr'>rogatu</span> <span class='ocrx_word' id='word_1_66' title='bbox 621 805 875 858; x_wconf 87' lang='lat' dir='ltr'>praesidum,</span> <span class='ocrx_word' id='word_1_67' title='bbox 911 804 982 856; x_wconf 90' lang='lat' dir='ltr'>qui</span> <span class='ocrx_word' id='word_1_68' title='bbox 1006 804 1094 843; x_wconf 88' lang='lat' dir='ltr'>eius</span> <span class='ocrx_word' id='word_1_69' title='bbox 1128 805 1254 856; x_wconf 90' lang='lat' dir='ltr'>genio</span> <span class='ocrx_word' id='word_1_70' title='bbox 1288 804 1508 856; x_wconf 91' lang='lat' dir='ltr'>indulgere</span> <span class='ocrx_word' id='word_1_71' title='bbox 1531 805 1769 852; x_wconf 86' lang='lat' dir='ltr'>studebant,</span> 
     </span>
     <span class='ocr_line' id='line_1_10' title="bbox 197 876 990 929; baseline -0.005 -11"><span class='ocrx_word' id='word_1_72' title='bbox 197 879 477 919; x_wconf 85' lang='lat' dir='ltr'>bibliothecae</span> <span class='ocrx_word' id='word_1_73' title='bbox 510 878 813 929; x_wconf 81' lang='lat' dir='ltr'>praefecturam</span> <span class='ocrx_word' id='word_1_74' title='bbox 848 876 990 915; x_wconf 90' lang='lat' dir='ltr'>inibat.</span> 
     </span>
    </p>

    <p class='ocr_par' dir='ltr' id='par_1_3' title="bbox 197 947 1775 2354">
     <span class='ocr_line' id='line_1_11' title="bbox 288 947 1768 998; baseline -0.003 -8"><span class='ocrx_word' id='word_1_75' title='bbox 288 951 357 990; x_wconf 86' lang='lat' dir='ltr'>Ad</span> <span class='ocrx_word' id='word_1_76' title='bbox 389 949 588 990; x_wconf 89' lang='lat' dir='ltr'>tredecim</span> <span class='ocrx_word' id='word_1_77' title='bbox 621 962 753 988; x_wconf 89' lang='lat' dir='ltr'>annos</span> <span class='ocrx_word' id='word_1_78' title='bbox 777 948 817 986; x_wconf 91' lang='lat' dir='ltr'>in</span> <span class='ocrx_word' id='word_1_79' title='bbox 842 948 943 986; x_wconf 90' lang='lat' dir='ltr'>urbe</span> <span class='ocrx_word' id='word_1_80' title='bbox 967 947 1152 985; x_wconf 87' lang='lat' dir='ltr'>Taurino</span> <span class='ocrx_word' id='word_1_81' title='bbox 1176 955 1238 985; x_wconf 89' lang='lat' dir='ltr'>est</span> <span class='ocrx_word' id='word_1_82' title='bbox 1260 954 1563 994; x_wconf 85' lang='lat' dir='ltr'>commoratus;</span> <span class='ocrx_word' id='word_1_83' title='bbox 1589 961 1768 998; x_wconf 91' lang='lat' dir='ltr'>quorum</span> 
     </span>
     <span class='ocr_line' id='line_1_12' title="bbox 197 1017 1771 1069; baseline -0.004 -7"><span class='ocrx_word' id='word_1_84' title='bbox 197 1021 421 1062; x_wconf 89' lang='lat' dir='ltr'>duodecim</span> <span class='ocrx_word' id='word_1_85' title='bbox 455 1021 495 1060; x_wconf 91' lang='lat' dir='ltr'>in</span> <span class='ocrx_word' id='word_1_86' title='bbox 528 1020 722 1060; x_wconf 89' lang='lat' dir='ltr'>convictu</span> <span class='ocrx_word' id='word_1_87' title='bbox 756 1018 991 1065; x_wconf 87' lang='lat' dir='ltr'>Nobilium;</span> <span class='ocrx_word' id='word_1_88' title='bbox 1027 1032 1168 1064; x_wconf 89' lang='lat' dir='ltr'>unum,</span> <span class='ocrx_word' id='word_1_89' title='bbox 1200 1017 1271 1069; x_wconf 92' lang='lat' dir='ltr'>qui</span> <span class='ocrx_word' id='word_1_90' title='bbox 1304 1017 1380 1057; x_wconf 86' lang='lat' dir='ltr'>fuit</span> <span class='ocrx_word' id='word_1_91' title='bbox 1412 1032 1435 1056; x_wconf 92' lang='lat' dir='ltr'>a</span> <span class='ocrx_word' id='word_1_92' title='bbox 1469 1017 1637 1057; x_wconf 87' lang='lat' dir='ltr'>Christo</span> <span class='ocrx_word' id='word_1_93' title='bbox 1671 1026 1771 1057; x_wconf 90' lang='lat' dir='ltr'>nato</span> 
     </span>
     <span class='ocr_line' id='line_1_13' title="bbox 200 1088 1771 1142; baseline -0.004 -9"><span class='ocrx_word' id='word_1_94' title='bbox 200 1104 473 1138; x_wconf 80' lang='lat' dir='ltr'>MDCCCXXX,</span> <span class='ocrx_word' id='word_1_95' title='bbox 509 1092 550 1130; x_wconf 90' lang='lat' dir='ltr'>in</span> <span class='ocrx_word' id='word_1_96' title='bbox 584 1090 789 1142; x_wconf 90' lang='lat' dir='ltr'>Collegio,</span> <span class='ocrx_word' id='word_1_97' title='bbox 825 1089 890 1129; x_wconf 85' lang='lat' dir='ltr'>cui</span> <span class='ocrx_word' id='word_1_98' title='bbox 924 1103 1077 1128; x_wconf 90' lang='lat' dir='ltr'>nomen</span> <span class='ocrx_word' id='word_1_99' title='bbox 1110 1103 1133 1127; x_wconf 92' lang='lat' dir='ltr'>a</span> <span class='ocrx_word' id='word_1_100' title='bbox 1168 1088 1412 1128; x_wconf 87' lang='lat' dir='ltr'>Provinciis.</span> <span class='ocrx_word' id='word_1_101' title='bbox 1449 1089 1544 1127; x_wconf 92' lang='lat' dir='ltr'>Hoc</span> <span class='ocrx_word' id='word_1_102' title='bbox 1581 1097 1771 1140; x_wconf 89' lang='lat' dir='ltr'>tempore</span> 
     </span>
     <span class='ocr_line' id='line_1_14' title="bbox 199 1160 1770 1216; baseline -0.004 -11"><span class='ocrx_word' id='word_1_103' title='bbox 199 1179 329 1216; x_wconf 86' lang='lat' dir='ltr'>opera</span> <span class='ocrx_word' id='word_1_104' title='bbox 361 1163 578 1215; x_wconf 91' lang='lat' dir='ltr'>complura</span> <span class='ocrx_word' id='word_1_105' title='bbox 610 1162 723 1214; x_wconf 89' lang='lat' dir='ltr'>typis</span> <span class='ocrx_word' id='word_1_106' title='bbox 756 1161 1001 1201; x_wconf 83' lang='lat' dir='ltr'>excudenda</span> <span class='ocrx_word' id='word_1_107' title='bbox 1033 1160 1204 1207; x_wconf 90' lang='lat' dir='ltr'>curavit,</span> <span class='ocrx_word' id='word_1_108' title='bbox 1250 1174 1356 1211; x_wconf 91' lang='lat' dir='ltr'>quae</span> <span class='ocrx_word' id='word_1_109' title='bbox 1389 1160 1424 1199; x_wconf 91' lang='lat' dir='ltr'>si</span> <span class='ocrx_word' id='word_1_110' title='bbox 1466 1174 1694 1206; x_wconf 73' lang='lat' dir='ltr'>recenseas,</span> <span class='ocrx_word' id='word_1_111' title='bbox 1731 1160 1770 1198; x_wconf 92' lang='lat' dir='ltr'>in</span> 
     </span>
     <span class='ocr_line' id='line_1_15' title="bbox 200 1231 1766 1285; baseline -0.004 -10"><span class='ocrx_word' id='word_1_112' title='bbox 200 1236 408 1275; x_wconf 89' lang='lat' dir='ltr'>infinitum</span> <span class='ocrx_word' id='word_1_113' title='bbox 441 1236 578 1274; x_wconf 89' lang='lat' dir='ltr'>abeas.</span> <span class='ocrx_word' id='word_1_114' title='bbox 615 1235 882 1285; x_wconf 76' lang='lat' dir='ltr'>Quamquam</span> <span class='ocrx_word' id='word_1_115' title='bbox 915 1246 1015 1271; x_wconf 91' lang='lat' dir='ltr'>vero</span> <span class='ocrx_word' id='word_1_116' title='bbox 1049 1246 1132 1271; x_wconf 92' lang='lat' dir='ltr'>non</span> <span class='ocrx_word' id='word_1_117' title='bbox 1171 1231 1312 1271; x_wconf 88' lang='lat' dir='ltr'>omnia</span> <span class='ocrx_word' id='word_1_118' title='bbox 1345 1231 1623 1270; x_wconf 87' lang='lat' dir='ltr'>innotescunt.</span> <span class='ocrx_word' id='word_1_119' title='bbox 1659 1233 1766 1270; x_wconf 86' lang='lat' dir='ltr'>Nam</span> 
     </span>
     <span class='ocr_line' id='line_1_16' title="bbox 201 1302 1769 1358; baseline -0.004 -11"><span class='ocrx_word' id='word_1_120' title='bbox 201 1307 404 1347; x_wconf 88' lang='lat' dir='ltr'>Beorchia</span> <span class='ocrx_word' id='word_1_121' title='bbox 437 1305 677 1358; x_wconf 88' lang='lat' dir='ltr'>prooemiis,</span> <span class='ocrx_word' id='word_1_122' title='bbox 712 1305 777 1344; x_wconf 94' lang='lat' dir='ltr'>vel</span> <span class='ocrx_word' id='word_1_123' title='bbox 820 1303 1160 1343; x_wconf 87' lang='lat' dir='ltr'>adnotationibus</span> <span class='ocrx_word' id='word_1_124' title='bbox 1203 1317 1379 1354; x_wconf 92' lang='lat' dir='ltr'>operum</span> <span class='ocrx_word' id='word_1_125' title='bbox 1412 1316 1435 1341; x_wconf 92' lang='lat' dir='ltr'>a</span> <span class='ocrx_word' id='word_1_126' title='bbox 1468 1316 1511 1341; x_wconf 91' lang='lat' dir='ltr'>se</span> <span class='ocrx_word' id='word_1_127' title='bbox 1548 1302 1769 1348; x_wconf 89' lang='lat' dir='ltr'>editorum,</span> 
     </span>
     <span class='ocr_line' id='line_1_17' title="bbox 200 1373 1768 1425; baseline -0.004 -7"><span class='ocrx_word' id='word_1_128' title='bbox 200 1393 323 1418; x_wconf 91' lang='lat' dir='ltr'>suum</span> <span class='ocrx_word' id='word_1_129' title='bbox 357 1392 510 1417; x_wconf 89' lang='lat' dir='ltr'>nomen</span> <span class='ocrx_word' id='word_1_130' title='bbox 544 1390 628 1415; x_wconf 91' lang='lat' dir='ltr'>non</span> <span class='ocrx_word' id='word_1_131' title='bbox 661 1375 918 1421; x_wconf 90' lang='lat' dir='ltr'>subiiciebat‚</span> <span class='ocrx_word' id='word_1_132' title='bbox 954 1374 1018 1413; x_wconf 93' lang='lat' dir='ltr'>vel</span> <span class='ocrx_word' id='word_1_133' title='bbox 1052 1373 1182 1425; x_wconf 82' lang='lat' dir='ltr'>siglis,</span> <span class='ocrx_word' id='word_1_134' title='bbox 1218 1373 1351 1424; x_wconf 91' lang='lat' dir='ltr'>iisque</span> <span class='ocrx_word' id='word_1_135' title='bbox 1395 1387 1488 1412; x_wconf 90' lang='lat' dir='ltr'>raro</span> <span class='ocrx_word' id='word_1_136' title='bbox 1526 1373 1768 1417; x_wconf 88' lang='lat' dir='ltr'>admodum,</span> 
     </span>
     <span class='ocr_line' id='line_1_18' title="bbox 200 1443 1771 1499; baseline -0.005 -10"><span class='ocrx_word' id='word_1_137' title='bbox 200 1450 407 1489; x_wconf 89' lang='lat' dir='ltr'>utebatur.</span> <span class='ocrx_word' id='word_1_138' title='bbox 444 1448 614 1499; x_wconf 75' lang='lat' dir='ltr'>Quippe</span> <span class='ocrx_word' id='word_1_139' title='bbox 647 1446 874 1486; x_wconf 88' lang='lat' dir='ltr'>celebritati</span> <span class='ocrx_word' id='word_1_140' title='bbox 908 1445 1077 1484; x_wconf 91' lang='lat' dir='ltr'>minime</span> <span class='ocrx_word' id='word_1_141' title='bbox 1125 1445 1338 1491; x_wconf 88' lang='lat' dir='ltr'>studebat;</span> <span class='ocrx_word' id='word_1_142' title='bbox 1378 1452 1419 1483; x_wconf 92' lang='lat' dir='ltr'>et</span> <span class='ocrx_word' id='word_1_143' title='bbox 1457 1458 1582 1495; x_wconf 89' lang='lat' dir='ltr'>quarn</span> <span class='ocrx_word' id='word_1_144' title='bbox 1630 1443 1697 1482; x_wconf 93' lang='lat' dir='ltr'>alii</span> <span class='ocrx_word' id='word_1_145' title='bbox 1731 1457 1771 1482; x_wconf 94' lang='lat' dir='ltr'>o-</span> 
     </span>
     <span class='ocr_line' id='line_1_19' title="bbox 200 1514 1771 1572; baseline -0.004 -13"><span class='ocrx_word' id='word_1_146' title='bbox 200 1534 344 1572; x_wconf 87' lang='lat' dir='ltr'>peram</span> <span class='ocrx_word' id='word_1_147' title='bbox 378 1519 419 1558; x_wconf 91' lang='lat' dir='ltr'>in</span> <span class='ocrx_word' id='word_1_148' title='bbox 452 1518 566 1558; x_wconf 88' lang='lat' dir='ltr'>libris</span> <span class='ocrx_word' id='word_1_149' title='bbox 600 1517 775 1557; x_wconf 91' lang='lat' dir='ltr'>edendis</span> <span class='ocrx_word' id='word_1_150' title='bbox 808 1531 901 1555; x_wconf 90' lang='lat' dir='ltr'>cum</span> <span class='ocrx_word' id='word_1_151' title='bbox 935 1530 985 1555; x_wconf 91' lang='lat' dir='ltr'>eo</span> <span class='ocrx_word' id='word_1_152' title='bbox 1018 1516 1292 1561; x_wconf 87' lang='lat' dir='ltr'>contulerant,</span> <span class='ocrx_word' id='word_1_153' title='bbox 1328 1529 1380 1553; x_wconf 88' lang='lat' dir='ltr'>ne</span> <span class='ocrx_word' id='word_1_154' title='bbox 1404 1515 1481 1554; x_wconf 91' lang='lat' dir='ltr'>sibi</span> <span class='ocrx_word' id='word_1_155' title='bbox 1516 1514 1586 1553; x_wconf 88' lang='lat' dir='ltr'>uni</span> <span class='ocrx_word' id='word_1_156' title='bbox 1620 1514 1771 1553; x_wconf 89' lang='lat' dir='ltr'>tribue-</span> 
     </span>
     <span class='ocr_line' id='line_1_20' title="bbox 202 1585 1770 1642; baseline -0.004 -11"><span class='ocrx_word' id='word_1_157' title='bbox 202 1601 328 1638; x_wconf 88' lang='lat' dir='ltr'>retur,</span> <span class='ocrx_word' id='word_1_158' title='bbox 364 1604 536 1642; x_wconf 90' lang='lat' dir='ltr'>prorsus</span> <span class='ocrx_word' id='word_1_159' title='bbox 570 1589 805 1628; x_wconf 87' lang='lat' dir='ltr'>verebatur.</span> <span class='ocrx_word' id='word_1_160' title='bbox 840 1588 1067 1626; x_wconf 88' lang='lat' dir='ltr'>Enimvero</span> <span class='ocrx_word' id='word_1_161' title='bbox 1100 1587 1265 1626; x_wconf 91' lang='lat' dir='ltr'>sodales</span> <span class='ocrx_word' id='word_1_162' title='bbox 1288 1594 1454 1625; x_wconf 89' lang='lat' dir='ltr'>nostros</span> <span class='ocrx_word' id='word_1_163' title='bbox 1487 1585 1770 1637; x_wconf 87' lang='lat' dir='ltr'>quamplures,</span> 
     </span>
     <span class='ocr_line' id='line_1_21' title="bbox 201 1656 1773 1707; baseline -0.005 -5"><span class='ocrx_word' id='word_1_164' title='bbox 201 1676 302 1702; x_wconf 89' lang='lat' dir='ltr'>sane</span> <span class='ocrx_word' id='word_1_165' title='bbox 335 1662 496 1707; x_wconf 81' lang='lat' dir='ltr'>doctos,</span> <span class='ocrx_word' id='word_1_166' title='bbox 532 1660 726 1699; x_wconf 89' lang='lat' dir='ltr'>videlicet</span> <span class='ocrx_word' id='word_1_167' title='bbox 774 1659 1003 1705; x_wconf 88' lang='lat' dir='ltr'>Grassium,</span> <span class='ocrx_word' id='word_1_168' title='bbox 1054 1658 1287 1703; x_wconf 86' lang='lat' dir='ltr'>Grossium,</span> <span class='ocrx_word' id='word_1_169' title='bbox 1339 1658 1566 1703; x_wconf 88' lang='lat' dir='ltr'>Maneram,</span> <span class='ocrx_word' id='word_1_170' title='bbox 1617 1656 1773 1696; x_wconf 89' lang='lat' dir='ltr'>Carmi-</span> 
     </span>
     <span class='ocr_line' id='line_1_22' title="bbox 201 1726 1770 1781; baseline -0.004 -9"><span class='ocrx_word' id='word_1_171' title='bbox 201 1733 375 1779; x_wconf 87' lang='lat' dir='ltr'>natium,</span> <span class='ocrx_word' id='word_1_172' title='bbox 420 1731 637 1777; x_wconf 84' lang='lat' dir='ltr'>Nozzium,</span> <span class='ocrx_word' id='word_1_173' title='bbox 687 1729 972 1781; x_wconf 85' lang='lat' dir='ltr'>Angelinium,</span> <span class='ocrx_word' id='word_1_174' title='bbox 1024 1728 1318 1774; x_wconf 84' lang='lat' dir='ltr'>Brescianium,</span> <span class='ocrx_word' id='word_1_175' title='bbox 1370 1728 1543 1774; x_wconf 88' lang='lat' dir='ltr'>Badum,</span> <span class='ocrx_word' id='word_1_176' title='bbox 1595 1726 1770 1773; x_wconf 87' lang='lat' dir='ltr'>Pariam,</span> 
     </span>
     <span class='ocr_line' id='line_1_23' title="bbox 203 1798 1774 1853; baseline -0.004 -10"><span class='ocrx_word' id='word_1_177' title='bbox 203 1806 399 1850; x_wconf 90' lang='lat' dir='ltr'>Boerum,</span> <span class='ocrx_word' id='word_1_178' title='bbox 435 1803 476 1842; x_wconf 91' lang='lat' dir='ltr'>in</span> <span class='ocrx_word' id='word_1_179' title='bbox 510 1802 625 1842; x_wconf 86' lang='lat' dir='ltr'>libris</span> <span class='ocrx_word' id='word_1_180' title='bbox 658 1801 905 1853; x_wconf 80' lang='lat' dir='ltr'>deligendis,</span> <span class='ocrx_word' id='word_1_181' title='bbox 941 1800 1202 1847; x_wconf 87' lang='lat' dir='ltr'>annotandis,</span> <span class='ocrx_word' id='word_1_182' title='bbox 1238 1799 1619 1851; x_wconf 78' lang='lat' dir='ltr'>expurgandisque,</span> <span class='ocrx_word' id='word_1_183' title='bbox 1661 1798 1774 1837; x_wconf 90' lang='lat' dir='ltr'>adhi-</span> 
     </span>
     <span class='ocr_line' id='line_1_24' title="bbox 203 1870 1774 1925; baseline -0.004 -10"><span class='ocrx_word' id='word_1_184' title='bbox 203 1877 301 1915; x_wconf 91' lang='lat' dir='ltr'>bere</span> <span class='ocrx_word' id='word_1_185' title='bbox 334 1875 507 1914; x_wconf 91' lang='lat' dir='ltr'>solebat.</span> <span class='ocrx_word' id='word_1_186' title='bbox 543 1873 626 1925; x_wconf 74' lang='lat' dir='ltr'>Qui</span> <span class='ocrx_word' id='word_1_187' title='bbox 660 1887 806 1912; x_wconf 88' lang='lat' dir='ltr'>omnes</span> <span class='ocrx_word' id='word_1_188' title='bbox 839 1887 995 1924; x_wconf 91' lang='lat' dir='ltr'>magno</span> <span class='ocrx_word' id='word_1_189' title='bbox 1029 1872 1106 1911; x_wconf 90' lang='lat' dir='ltr'>sibi</span> <span class='ocrx_word' id='word_1_190' title='bbox 1140 1871 1289 1911; x_wconf 91' lang='lat' dir='ltr'>honori</span> <span class='ocrx_word' id='word_1_191' title='bbox 1323 1871 1531 1910; x_wconf 88' lang='lat' dir='ltr'>ducebant</span> <span class='ocrx_word' id='word_1_192' title='bbox 1563 1878 1680 1909; x_wconf 89' lang='lat' dir='ltr'>tanto</span> <span class='ocrx_word' id='word_1_193' title='bbox 1703 1870 1774 1909; x_wconf 89' lang='lat' dir='ltr'>ho-</span> 
     </span>
     <span class='ocr_line' id='line_1_25' title="bbox 203 1941 1773 1998; baseline -0.004 -12"><span class='ocrx_word' id='word_1_194' title='bbox 203 1947 317 1993; x_wconf 91' lang='lat' dir='ltr'>mini,</span> <span class='ocrx_word' id='word_1_195' title='bbox 354 1960 430 1998; x_wconf 92' lang='lat' dir='ltr'>pro</span> <span class='ocrx_word' id='word_1_196' title='bbox 465 1945 550 1985; x_wconf 89' lang='lat' dir='ltr'>suis</span> <span class='ocrx_word' id='word_1_197' title='bbox 583 1945 761 1996; x_wconf 91' lang='lat' dir='ltr'>quisque</span> <span class='ocrx_word' id='word_1_198' title='bbox 795 1944 964 1990; x_wconf 90' lang='lat' dir='ltr'>viribus,</span> <span class='ocrx_word' id='word_1_199' title='bbox 1000 1943 1213 1995; x_wconf 86' lang='lat' dir='ltr'>suppetias</span> <span class='ocrx_word' id='word_1_200' title='bbox 1237 1943 1316 1989; x_wconf 82' lang='lat' dir='ltr'>ire3</span> <span class='ocrx_word' id='word_1_201' title='bbox 1351 1950 1477 1993; x_wconf 90' lang='lat' dir='ltr'>atque</span> <span class='ocrx_word' id='word_1_202' title='bbox 1511 1942 1577 1988; x_wconf 89' lang='lat' dir='ltr'>ita,</span> <span class='ocrx_word' id='word_1_203' title='bbox 1613 1942 1713 1980; x_wconf 91' lang='lat' dir='ltr'>dum</span> <span class='ocrx_word' id='word_1_204' title='bbox 1737 1941 1773 1980; x_wconf 92' lang='lat' dir='ltr'>ei</span> 
     </span>
     <span class='ocr_line' id='line_1_26' title="bbox 204 2012 1774 2069; baseline -0.004 -13"><span class='ocrx_word' id='word_1_205' title='bbox 204 2025 373 2069; x_wconf 89' lang='lat' dir='ltr'>praesto</span> <span class='ocrx_word' id='word_1_206' title='bbox 406 2025 536 2061; x_wconf 90' lang='lat' dir='ltr'>erant,</span> <span class='ocrx_word' id='word_1_207' title='bbox 572 2015 851 2067; x_wconf 87' lang='lat' dir='ltr'>copiosiorem</span> <span class='ocrx_word' id='word_1_208' title='bbox 884 2014 962 2054; x_wconf 91' lang='lat' dir='ltr'>sibi</span> <span class='ocrx_word' id='word_1_209' title='bbox 1004 2014 1045 2052; x_wconf 92' lang='lat' dir='ltr'>in</span> <span class='ocrx_word' id='word_1_210' title='bbox 1093 2013 1181 2053; x_wconf 89' lang='lat' dir='ltr'>dies</span> <span class='ocrx_word' id='word_1_211' title='bbox 1228 2012 1507 2052; x_wconf 88' lang='lat' dir='ltr'>eruditionem</span> <span class='ocrx_word' id='word_1_212' title='bbox 1556 2012 1774 2063; x_wconf 90' lang='lat' dir='ltr'>parabant.</span> 
     </span>
     <span class='ocr_line' id='line_1_27' title="bbox 204 2082 1773 2140; baseline -0.004 -13"><span class='ocrx_word' id='word_1_213' title='bbox 204 2090 355 2140; x_wconf 90' lang='lat' dir='ltr'>Neque</span> <span class='ocrx_word' id='word_1_214' title='bbox 388 2102 516 2139; x_wconf 90' lang='lat' dir='ltr'>porro</span> <span class='ocrx_word' id='word_1_215' title='bbox 564 2086 730 2126; x_wconf 89' lang='lat' dir='ltr'>silentio</span> <span class='ocrx_word' id='word_1_216' title='bbox 778 2085 1159 2131; x_wconf 88' lang='lat' dir='ltr'>transmittendum,</span> <span class='ocrx_word' id='word_1_217' title='bbox 1196 2084 1482 2135; x_wconf 87' lang='lat' dir='ltr'>Hyacinthum</span> <span class='ocrx_word' id='word_1_218' title='bbox 1516 2082 1773 2121; x_wconf 88' lang='lat' dir='ltr'>Mariettium</span> 
     </span>
     <span class='ocr_line' id='line_1_28' title="bbox 204 2154 1775 2210; baseline -0.005 -11"><span class='ocrx_word' id='word_1_219' title='bbox 204 2160 434 2199; x_wconf 85' lang='lat' dir='ltr'>Beorchiae</span> <span class='ocrx_word' id='word_1_220' title='bbox 481 2167 699 2210; x_wconf 89' lang='lat' dir='ltr'>acceptum</span> <span class='ocrx_word' id='word_1_221' title='bbox 749 2158 900 2197; x_wconf 86' lang='lat' dir='ltr'>referre</span> <span class='ocrx_word' id='word_1_222' title='bbox 948 2157 1116 2196; x_wconf 88' lang='lat' dir='ltr'>solitum</span> <span class='ocrx_word' id='word_1_223' title='bbox 1165 2171 1278 2203; x_wconf 86' lang='lat' dir='ltr'>esse,</span> <span class='ocrx_word' id='word_1_224' title='bbox 1324 2155 1438 2207; x_wconf 94' lang='lat' dir='ltr'>quod</span> <span class='ocrx_word' id='word_1_225' title='bbox 1489 2154 1657 2193; x_wconf 82' lang='lat' dir='ltr'>maximi</span> <span class='ocrx_word' id='word_1_226' title='bbox 1706 2168 1775 2192; x_wconf 94' lang='lat' dir='ltr'>no-</span> 
     </span>
     <span class='ocr_line' id='line_1_29' title="bbox 204 2225 1775 2282; baseline -0.005 -11"><span class='ocrx_word' id='word_1_227' title='bbox 204 2232 329 2270; x_wconf 91' lang='lat' dir='ltr'>minis</span> <span class='ocrx_word' id='word_1_228' title='bbox 363 2231 585 2282; x_wconf 89' lang='lat' dir='ltr'>typotheta</span> <span class='ocrx_word' id='word_1_229' title='bbox 617 2230 806 2276; x_wconf 84' lang='lat' dir='ltr'>evaserit,</span> <span class='ocrx_word' id='word_1_230' title='bbox 853 2243 1112 2280; x_wconf 89' lang='lat' dir='ltr'>magnasque</span> <span class='ocrx_word' id='word_1_231' title='bbox 1156 2228 1305 2267; x_wconf 82' lang='lat' dir='ltr'>exinde</span> <span class='ocrx_word' id='word_1_232' title='bbox 1349 2240 1450 2278; x_wconf 92' lang='lat' dir='ltr'>opes</span> <span class='ocrx_word' id='word_1_233' title='bbox 1493 2225 1569 2265; x_wconf 90' lang='lat' dir='ltr'>sibi</span> <span class='ocrx_word' id='word_1_234' title='bbox 1603 2225 1775 2276; x_wconf 90' lang='lat' dir='ltr'>suisque</span> 
     </span>
     <span class='ocr_line' id='line_1_30' title="bbox 204 2302 427 2354; baseline 0 -13"><span class='ocrx_word' id='word_1_235' title='bbox 204 2302 427 2354; x_wconf 88' lang='lat' dir='ltr'>paraverit.</span> 
     </span>
    </p>

    <p class='ocr_par' dir='ltr' id='par_1_4' title="bbox 202 2367 1775 2921">
     <span class='ocr_line' id='line_1_31' title="bbox 293 2367 1775 2422; baseline -0.005 -10"><span class='ocrx_word' id='word_1_236' title='bbox 293 2374 419 2412; x_wconf 85' lang='lat' dir='ltr'>Anno</span> <span class='ocrx_word' id='word_1_237' title='bbox 454 2384 675 2412; x_wconf 83' lang='lat' dir='ltr'>MDCCCXL</span> <span class='ocrx_word' id='word_1_238' title='bbox 709 2372 762 2410; x_wconf 88' lang='lat' dir='ltr'>ad</span> <span class='ocrx_word' id='word_1_239' title='bbox 795 2371 919 2410; x_wconf 90' lang='lat' dir='ltr'>finem</span> <span class='ocrx_word' id='word_1_240' title='bbox 953 2379 1164 2422; x_wconf 88' lang='lat' dir='ltr'>vergente,</span> <span class='ocrx_word' id='word_1_241' title='bbox 1211 2369 1412 2408; x_wconf 89' lang='lat' dir='ltr'>Beorchia</span> <span class='ocrx_word' id='word_1_242' title='bbox 1452 2367 1680 2407; x_wconf 89' lang='lat' dir='ltr'>Novariam</span> <span class='ocrx_word' id='word_1_243' title='bbox 1714 2376 1775 2406; x_wconf 91' lang='lat' dir='ltr'>est</span> 
     </span>
     <span class='ocr_line' id='line_1_32' title="bbox 205 2438 1772 2494; baseline -0.004 -11"><span class='ocrx_word' id='word_1_244' title='bbox 205 2444 370 2489; x_wconf 88' lang='lat' dir='ltr'>missus,</span> <span class='ocrx_word' id='word_1_245' title='bbox 397 2452 441 2483; x_wconf 88' lang='lat' dir='ltr'>ut</span> <span class='ocrx_word' id='word_1_246' title='bbox 465 2444 701 2494; x_wconf 87' lang='lat' dir='ltr'>Collegium</span> <span class='ocrx_word' id='word_1_247' title='bbox 726 2442 1011 2485; x_wconf 84' lang='lat' dir='ltr'>Gallarinium,</span> <span class='ocrx_word' id='word_1_248' title='bbox 1038 2441 1230 2480; x_wconf 84' lang='lat' dir='ltr'>Rectoris</span> <span class='ocrx_word' id='word_1_249' title='bbox 1253 2448 1293 2479; x_wconf 93' lang='lat' dir='ltr'>et</span> <span class='ocrx_word' id='word_1_250' title='bbox 1317 2439 1517 2478; x_wconf 87' lang='lat' dir='ltr'>Praefecti</span> <span class='ocrx_word' id='word_1_251' title='bbox 1540 2438 1772 2477; x_wconf 87' lang='lat' dir='ltr'>studiorum</span> 
     </span>
     <span class='ocr_line' id='line_1_33' title="bbox 202 2510 1774 2564; baseline -0.005 -10"><span class='ocrx_word' id='word_1_252' title='bbox 202 2516 466 2559; x_wconf 83' lang='lat' dir='ltr'>auctoritate,</span> <span class='ocrx_word' id='word_1_253' title='bbox 503 2515 804 2553; x_wconf 88' lang='lat' dir='ltr'>moderaretur.</span> <span class='ocrx_word' id='word_1_254' title='bbox 840 2513 1018 2564; x_wconf 89' lang='lat' dir='ltr'>Collegii</span> <span class='ocrx_word' id='word_1_255' title='bbox 1057 2513 1181 2551; x_wconf 89' lang='lat' dir='ltr'>etiam</span> <span class='ocrx_word' id='word_1_256' title='bbox 1220 2511 1515 2550; x_wconf 90' lang='lat' dir='ltr'>bibliothecam</span> <span class='ocrx_word' id='word_1_257' title='bbox 1551 2510 1774 2548; x_wconf 85' lang='lat' dir='ltr'>curandam</span> 
     </span>
     <span class='ocr_line' id='line_1_34' title="bbox 203 2580 1774 2636; baseline -0.005 -11"><span class='ocrx_word' id='word_1_258' title='bbox 203 2586 282 2625; x_wconf 91' lang='lat' dir='ltr'>sibi</span> <span class='ocrx_word' id='word_1_259' title='bbox 316 2586 510 2636; x_wconf 90' lang='lat' dir='ltr'>suscepit,</span> <span class='ocrx_word' id='word_1_260' title='bbox 546 2594 585 2624; x_wconf 88' lang='lat' dir='ltr'>et</span> <span class='ocrx_word' id='word_1_261' title='bbox 619 2585 809 2636; x_wconf 89' lang='lat' dir='ltr'>publicus</span> <span class='ocrx_word' id='word_1_262' title='bbox 843 2584 1044 2623; x_wconf 88' lang='lat' dir='ltr'>librorum</span> <span class='ocrx_word' id='word_1_263' title='bbox 1074 2583 1332 2622; x_wconf 89' lang='lat' dir='ltr'>edendorum</span> <span class='ocrx_word' id='word_1_264' title='bbox 1367 2594 1515 2620; x_wconf 88' lang='lat' dir='ltr'>censor</span> <span class='ocrx_word' id='word_1_265' title='bbox 1547 2595 1569 2619; x_wconf 91' lang='lat' dir='ltr'>a</span> <span class='ocrx_word' id='word_1_266' title='bbox 1602 2580 1774 2619; x_wconf 86' lang='lat' dir='ltr'>summis</span> 
     </span>
     <span class='ocr_line' id='line_1_35' title="bbox 205 2650 1775 2708; baseline -0.005 -12"><span class='ocrx_word' id='word_1_267' title='bbox 205 2657 518 2708; x_wconf 87' lang='lat' dir='ltr'>magistratibus</span> <span class='ocrx_word' id='word_1_268' title='bbox 551 2665 614 2695; x_wconf 90' lang='lat' dir='ltr'>est</span> <span class='ocrx_word' id='word_1_269' title='bbox 648 2655 929 2695; x_wconf 81' lang='lat' dir='ltr'>renunciatus,</span> <span class='ocrx_word' id='word_1_270' title='bbox 965 2656 1090 2693; x_wconf 86' lang='lat' dir='ltr'>Anno</span> <span class='ocrx_word' id='word_1_271' title='bbox 1124 2652 1371 2704; x_wconf 89' lang='lat' dir='ltr'>insequenti,</span> <span class='ocrx_word' id='word_1_272' title='bbox 1397 2667 1420 2690; x_wconf 88' lang='lat' dir='ltr'>a</span> <span class='ocrx_word' id='word_1_273' title='bbox 1443 2652 1528 2691; x_wconf 92' lang='lat' dir='ltr'>suis</span> <span class='ocrx_word' id='word_1_274' title='bbox 1562 2650 1775 2690; x_wconf 90' lang='lat' dir='ltr'>sodalibus</span> 
     </span>
     <span class='ocr_line' id='line_1_36' title="bbox 203 2724 1772 2779; baseline -0.006 -11"><span class='ocrx_word' id='word_1_275' title='bbox 203 2737 268 2768; x_wconf 92' lang='lat' dir='ltr'>est</span> <span class='ocrx_word' id='word_1_276' title='bbox 301 2729 498 2773; x_wconf 89' lang='lat' dir='ltr'>adlectus,</span> <span class='ocrx_word' id='word_1_277' title='bbox 534 2728 605 2779; x_wconf 91' lang='lat' dir='ltr'>qui</span> <span class='ocrx_word' id='word_1_278' title='bbox 655 2729 829 2773; x_wconf 88' lang='lat' dir='ltr'>Romae,</span> <span class='ocrx_word' id='word_1_279' title='bbox 880 2726 1068 2766; x_wconf 89' lang='lat' dir='ltr'>omnium</span> <span class='ocrx_word' id='word_1_280' title='bbox 1103 2724 1411 2776; x_wconf 84' lang='lat' dir='ltr'>provinciarum</span> <span class='ocrx_word' id='word_1_281' title='bbox 1456 2730 1772 2774; x_wconf 89' lang='lat' dir='ltr'>procuratorum</span> 
     </span>
     <span class='ocr_line' id='line_1_37' title="bbox 205 2794 1772 2838; baseline -0.005 0"><span class='ocrx_word' id='word_1_282' title='bbox 205 2799 430 2838; x_wconf 88' lang='lat' dir='ltr'>conventui</span> <span class='ocrx_word' id='word_1_283' title='bbox 450 2799 680 2838; x_wconf 89' lang='lat' dir='ltr'>interesset.</span> <span class='ocrx_word' id='word_1_284' title='bbox 701 2797 955 2837; x_wconf 80' lang='lat' dir='ltr'>Sexennium</span> <span class='ocrx_word' id='word_1_285' title='bbox 974 2797 1145 2836; x_wconf 85' lang='lat' dir='ltr'>rectoris</span> <span class='ocrx_word' id='word_1_286' title='bbox 1159 2809 1329 2834; x_wconf 90' lang='lat' dir='ltr'>munere</span> <span class='ocrx_word' id='word_1_287' title='bbox 1343 2794 1578 2833; x_wconf 86' lang='lat' dir='ltr'>felicissime</span> <span class='ocrx_word' id='word_1_288' title='bbox 1595 2794 1772 2837; x_wconf 58' lang='lat' dir='ltr'>functus</span> 
     </span>
     <span class='ocr_line' id='line_1_38' title="bbox 205 2864 1774 2921; baseline -0.005 -11"><span class='ocrx_word' id='word_1_289' title='bbox 205 2872 398 2911; x_wconf 85' lang='lat' dir='ltr'>Genuam</span> <span class='ocrx_word' id='word_1_290' title='bbox 432 2870 612 2915; x_wconf 84' lang='lat' dir='ltr'>devenit,</span> <span class='ocrx_word' id='word_1_291' title='bbox 649 2870 790 2921; x_wconf 90' lang='lat' dir='ltr'>ibique</span> <span class='ocrx_word' id='word_1_292' title='bbox 822 2869 1100 2908; x_wconf 91' lang='lat' dir='ltr'>bibliothecae</span> <span class='ocrx_word' id='word_1_293' title='bbox 1133 2868 1285 2906; x_wconf 90' lang='lat' dir='ltr'>domus</span> <span class='ocrx_word' id='word_1_294' title='bbox 1309 2866 1528 2917; x_wconf 57' lang='lat' dir='ltr'>professae</span> <span class='ocrx_word' id='word_1_295' title='bbox 1550 2865 1602 2904; x_wconf 90' lang='lat' dir='ltr'>ad</span> <span class='ocrx_word' id='word_1_296' title='bbox 1635 2864 1774 2903; x_wconf 85' lang='lat' dir='ltr'>Sancti</span> 
     </span>
    </p>
   </div>
  </div>
 </body>
</html>
