1926 3200
887 232 1148 267 -109—

236 331 343 368 Tum
377 337 514 367 autem
551 327 698 378 ingens
732 326 836 364 inter
861 325 1016 363 Corsos
1049 332 1090 362 et
1125 323 1465 362 Brictinorienses
1496 332 1585 362 orta
1618 330 1680 361 est
1703 335 1797 360 con-

235 400 386 442 tentio:
422 398 762 450 quandoquidem
797 395 961 446 utrique
1000 394 1088 433 eius
1132 394 1361 432 discessum
1405 394 1551 432 acerbe
1584 393 1793 438 serebant;

234 470 413 510 reditum
448 484 546 508 vero
569 467 726 508 cunctis
760 466 867 505 votis
901 480 946 504 ac
980 465 1171 516 precibus
1205 465 1466 515 expetebant.
1504 464 1649 515 Itaque
1683 476 1792 501 anno

234 541 479 592 insequenti,
515 540 585 591 (1111
618 552 750 577 annus
774 537 850 576 suit
874 548 1105 581 MDCCCLV,
1137 535 1428 574 Brictinorium
1460 548 1601 573 rursus
1634 548 1676 573 se
1699 547 1795 573 con-

234 614 337 651 ferre
372 613 507 650 iussus
540 620 614 652 est,
650 620 694 648 ut
728 609 767 647 in
802 622 918 646 sacro
951 608 1141 658 ephebeo
1175 605 1417 657 magisterio
1451 605 1617 656 pietatis
1651 604 1794 655 sunge-

234 693 356 724 retur,
392 692 431 721 et
465 680 721 731 theologiam
756 693 917 717 morum
942 679 1193 728 explanaret.
1219 677 1383 728 Quibus
1417 676 1658 714 muneribus
1692 674 1792 714 satis

234 755 327 794 fecit
361 752 699 793 cumulatissime.

324 826 370 864 Id
402 833 540 863 autem
574 822 789 861 manifeste
812 820 1017 871 apparuit,
1054 828 1140 858 tum
1174 819 1354 869 Iosepho
1380 820 1571 868 Baymae,
1596 832 1793 869 supremo

232 896 408 949 ephebei
443 892 707 938 moderatori,
757 891 887 930 sodali
937 890 1156 929 Societatis
1205 898 1370 928 nostrae
1420 889 1790 939 praestantissimo,

230 967 553 1016 clarissimoque,
578 963 648 1015 qui
672 977 780 1012 eum¹
805 962 863 1001 uti
888 961 1100 1000 hominem
1124 961 1295 999 doctum
1318 969 1359 998 et
1382 968 1582 1003 sanetum,
1619 960 1791 1011 ephebis

231 1040 365 1091 digito
399 1037 553 1089 passim
587 1035 851 1077 ostendebat:
886 1043 973 1073 tum
1007 1032 1180 1083 ephebis
1215 1031 1328 1082 ipsis,
1364 1045 1469 1082 quos
1503 1030 1674 1076 Giorda‚
1710 1044 1792 1069 non

234 1119 317 1149 tam
352 1108 478 1153 vocis,
514 1120 638 1158 quam
672 1104 849 1155 exempli
885 1102 1140 1154 magisterio,
1186 1102 1238 1140 ad
1286 1115 1452 1140 omnem
1487 1101 1683 1151 pietatem
1717 1101 1794 1139 sol-

233 1179 451 1219 lertissime
476 1177 735 1216 informabat.
763 1176 892 1214 Porro
917 1187 1129 1224 nunquam
1152 1173 1204 1211 ad
1226 1186 1298 1211 eos
1322 1172 1533 1223 publicum
1557 1185 1792 1210 sermonem

231 1251 421 1291 habebat,
457 1248 557 1300 quin
591 1256 710 1286 antea
743 1260 786 1284 se
820 1246 860 1284 in
893 1245 994 1284 cella
1027 1244 1125 1283 loris
1169 1244 1440 1282 verberasset.
1487 1243 1581 1281 Hoc
1623 1256 1673 1281 eo
1705 1256 1794 1293 per-

233 1321 401 1367 tinebat,
438 1329 481 1359 ut
514 1320 624 1358 illam
659 1317 903 1369 sapientiam
936 1331 958 1355 a
993 1317 1085 1354 Deo
1119 1315 1286 1354 uberius
1311 1314 1506 1359 hauriret,
1534 1328 1616 1364 qua
1648 1327 1792 1352 eorum

233 1392 392 1430 animos
427 1391 611 1429 imbuere
655 1389 836 1440 optabat.
874 1388 922 1426 Id
955 1400 1054 1425 vero
1103 1386 1288 1437 ephebos
1337 1384 1579 1435 neutiquam
1627 1384 1791 1423 latebat.

235 1464 371 1513 Quam
406 1462 459 1500 ob
493 1474 578 1499 rem
612 1460 847 1510 complures
882 1458 988 1496 inter
1020 1471 1091 1496 eos
1126 1456 1331 1502 exstitere,
1357 1455 1440 1506 qui,
1466 1463 1580 1493 tanta
1613 1454 1794 1493 hominis

234 1533 386 1584 pietate
419 1541 459 1571 et
491 1531 680 1570 doctrina
713 1529 903 1581 permoti,
954 1528 1112 1567 mundo
1160 1527 1356 1566 nuncium
1397 1525 1641 1571 remiserint,
1677 1533 1718 1564 et
1750 1524 1790 1563 in

233 1612 415 1642 nostram
449 1602 712 1643 Societatem.
747 1601 812 1639 vel
845 1600 885 1638 in
919 1599 1017 1638 alias
1051 1598 1268 1649 religiosas
1292 1597 1477 1639 familias.
1503 1597 1653 1647 pedem
1688 1595 1792 1635 intu-

232 1674 363 1712 lerint.
401 1674 564 1711 Horum
597 1670 844 1722 praecipuus
876 1670 952 1709 fuit
991 1671 1034 1708 Ρ.
1077 1668 1284 1708 Paschalis
1324 1668 1498 1713 Tosius‚
1534 1667 1604 1718 qui
1644 1675 1792 1717 postea

234 1746 415 1784 Alaskae
448 1743 663 1794 apostolus
696 1751 757 1780 est
791 1749 1065 1792 nuncupatus.

320 1817 467 1866 Neque
500 1813 637 1852 minus
670 1813 780 1851 cives
816 1811 1158 1850 Brictinorienses
1192 1810 1376 1849 Giordae
1409 1809 1669 1848 sanctitatem
1703 1823 1792 1859 per-

231 1896 415 1938 spectam
459 1886 668 1925 habuere:
712 1893 836 1934 atque
886 1882 973 1921 eius
1028 1882 1219 1933 precibus
1264 1890 1304 1920 et
1347 1873 1584 1931 asperrimis
1627 1879 1790 1931 flagris,

231 1958 393 2009 quibus,
428 1956 611 1994 divinam
646 1953 905 1993 clementiam
931 1953 1168 1993 inclamans.
1194 1966 1283 1990 sese
1313 1966 1444 2002 usque
1468 1952 1519 1989 ad
1543 1950 1790 2001 sanguinem

230 2028 486 2069 concidebat,
522 2035 737 2076 acceptum
772 2025 1011 2065 retulerunt,
1048 2024 1161 2074 quod
1194 2024 1244 2062 ab
1279 2022 1518 2074 ingentibus
1552 2030 1684 2060 terrae
1707 2035 1792 2059 mo-

231 2099 340 2138 tibus
374 2098 600 2135 incolumes
634 2108 778 2133 omnes
810 2095 862 2132 ad
897 2107 1024 2132 unum
1057 2092 1275 2131 evaserint.
1307 2092 1450 2130 Nihilo
1484 2100 1621 2130 tamen
1655 2091 1788 2129 secius

232 2169 319 2220 ipse
359 2167 510 2206 nullius
559 2165 717 2204 numeri
768 2165 979 2203 hominem
1029 2172 1159 2202 semet
1206 2163 1414 2214 appellare
1458 2163 1629 2201 solebat.
1680 2163 1792 2213 Quo-

230 2240 347 2281 circa,
383 2251 510 2289 quum
545 2237 597 2275 ad
630 2245 827 2287 quattuor
866 2234 1066 2273 solemnia
1114 2233 1334 2284 religiosae
1377 2232 1647 2284 professionis
1694 2241 1792 2271 vota

231 2309 506 2360 nuncupanda
555 2322 597 2346 se
645 2320 887 2357 comparare
942 2305 1076 2343 iussus
1132 2314 1268 2349 esset,
1319 2305 1475 2342 nullum
1524 2317 1607 2343 11011
1659 2303 1791 2342 movit

229 2381 422 2432 lapidem,
457 2394 541 2431 quo
564 2380 642 2417 hoc
666 2378 835 2416 honoris
860 2376 1144 2416 testimonium
1168 2390 1191 2414 a
1214 2389 1289 2414 suo
1313 2367 1446 2426 capite
1479 2375 1785 2426 deprecaretur.

231 2453 287 2491 At
329 2451 500 2496 frustra3
535 2464 629 2488 nam
678 2449 764 2487 eius
813 2448 1108 2488 moderatores.
1144 2460 1193 2485 eo
1242 2446 1375 2497 magis
1425 2446 1537 2484 illum
1577 2454 1692 2484 tanto
1732 2445 1790 2483 di-

230 2536 359 2573 gnum
393 2522 551 2560 honore
573 2528 834 2563 censuerunt,
860 2532 943 2569 quo
967 2517 1122 2556 maiore
1146 2517 1234 2568 ipse
1267 2517 1358 2555 nisu
1389 2517 1567 2555 eundem
1602 2525 1787 2555 avertere

230 2593 423 2632 studebat
447 2594 524 2642 (3).

319 2663 443 2701 Anno
492 2672 743 2702 MDCCCLix.
794 2673 922 2711 quum
972 2659 1297 2709 Subalpinorum
1348 2672 1420 2696 rex
1473 2666 1603 2696 totam
1658 2670 1788 2708 paene

232 2734 390 2772 Italiam
424 2733 464 2771 in
488 2746 603 2771 suam
628 2740 876 2782 potestatem
902 2730 1143 2778 redegisset.
1169 2738 1209 2768 et
1232 2729 1395 2768 sodales
1427 2728 1570 2770 nostri,
1607 2727 1789 2779 undique

230 2803 453 2847 dissociati,
489 2803 529 2841 in
562 2802 725 2841 diversa
758 2801 940 2843 abirent,
977 2800 1137 2838 Giorda
1170 2800 1221 2838 ab
1255 2799 1403 2838 iisdem
1438 2797 1785 2844 moderatoribus,

231 2874 301 2925 qui
333 2875 456 2913 talem
489 2888 583 2912 eum
618 2873 727 2924 apud
753 2872 908 2911 alienos
942 2871 1125 2909 futurum
1149 2871 1452 2912 existimabant,
1489 2870 1652 2921 qualem
1676 2868 1787 2919 apud
