1926 3200
872 229 1075 263 -g—

277 327 345 366 Ad
378 336 535 366 ceteras
569 329 680 380 regis
713 329 968 369 calamitates
993 330 1073 369 alia
1096 332 1281 378 accessit,
1307 346 1414 383 quae
1447 333 1535 372 eius
1569 334 1753 373 animum

189 399 556 438 vehementissime
590 400 777 450 perculit.
824 401 1062 453 Coniugem
1104 403 1422 450 sanctissimam,
1469 418 1593 455 quam
1637 406 1756 445 unice

187 469 403 520 diligebat,
454 484 500 509 ac
549 479 611 509 tot
663 485 955 511 aerumnarum
1000 473 1192 511 solamini
1241 474 1317 512 sibi
1373 474 1573 513 divinitus
1615 476 1754 515 datam

189 540 406 587 sentiebat,
444 542 633 592 Neapoli,
669 557 778 582 anno
811 543 1000 594 proxime
1024 543 1273 595 insequenti,
1309 546 1457 584 morbo
1491 547 1755 598 absumptam

190 611 342 650 amisit.
379 612 646 663 Quamquam
670 613 860 664 plurimis
883 628 973 652 eam
997 614 1179 653 lacrimis
1202 624 1450 666 prosecutus
1473 625 1571 663 erat,
1598 618 1756 656 nullum

188 690 328 720 tamen
362 683 534 722 verbum
568 684 753 735 protulit,
779 686 894 736 quod
926 685 978 724 ad
1012 686 1226 736 querelam
1260 687 1484 733 recideret;
1518 688 1591 727 sed
1621 697 1755 727 totum

191 767 236 791 se
268 753 434 792 divinae
466 754 755 805 providentiae
787 755 931 795 libenti
955 755 1095 795 animo
1119 757 1339 797 commisit.
1378 758 1608 796 Maximum
1632 759 1755 797 etiam

191 824 280 863 eius
329 825 464 863 dolori
513 825 693 865 lenimen
741 826 828 872 fuit,
880 827 996 878 quod
1045 827 1244 867 Summus
1287 829 1489 875 Pontifex,
1525 843 1648 868 causa
1680 829 1757 868 rite

191 909 385 946 expensa,
421 897 473 935 de
506 897 629 936 huius
662 897 832 949 reginae
865 898 1089 937 virtutibus
1124 899 1331 950 publicam
1365 901 1615 939 sententiam
1650 901 1755 945 tulit,

191 981 273 1018 qua
306 982 396 1006 eam
431 968 635 1015 Videlicet,
672 969 730 1008 uti
754 969 1045 1009 Venerabilem
1071 970 1150 1009 Dei
1184 971 1379 1009 famulam
1414 980 1501 1010 tota
1533 972 1757 1011 christiana

192 1039 405 1090 republica
438 1040 757 1091 praedicandam
792 1049 918 1092 atque
951 1042 1186 1080 habendam
1219 1042 1415 1081 decrevit.

283 1112 444 1150 Interea
478 1111 629 1150 Carolo
674 1112 936 1150 Emmanueli
970 1126 1053 1151 non
1087 1121 1149 1151 est
1186 1113 1274 1152 visa
1307 1113 1412 1152 ratio
1446 1113 1486 1151 in
1520 1113 1755 1152 Sardiniam

192 1182 406 1220 redeundi.
443 1182 555 1233 Quin
580 1182 709 1222 immo
732 1197 869 1221 rerum
903 1183 1179 1222 humanarum
1210 1192 1436 1234 pertaesus,
1472 1198 1579 1235 quae
1612 1192 1674 1223 tot
1697 1198 1758 1222 ca-

191 1253 306 1292 sibus
339 1253 422 1292 sint
454 1254 671 1300 obnoxiae,
716 1262 757 1293 et
789 1262 1004 1293 momento
1038 1263 1298 1300 evanescant,
1334 1268 1427 1293 cum
1463 1254 1609 1294 eodem
1655 1255 1759 1293 Pon-

193 1325 301 1364 tifice
349 1325 492 1364 habito
537 1325 723 1371 consilio,
773 1339 823 1364 eo
872 1325 962 1376 ipso
1011 1340 1132 1371 anno,
1184 1326 1323 1364 omnia
1372 1326 1414 1364 in
1458 1340 1635 1377 regnum
1671 1326 1758 1364 iura

191 1396 380 1435 Victorio
414 1397 676 1435 Emmanueli
709 1396 822 1435 fratri
876 1396 1011 1443 cessit,
1062 1405 1102 1435 et
1151 1398 1329 1435 Romam
1379 1410 1422 1435 se
1470 1397 1637 1448 recepit,
1688 1396 1757 1435 ubi

194 1468 382 1519 privatus
431 1468 501 1507 uni
550 1470 641 1507 Deo
689 1477 866 1508 vacaret.
919 1468 979 1507 Ibi
1030 1468 1173 1519 paucis
1216 1469 1444 1507 admodum
1478 1468 1590 1514 viris,
1628 1468 1761 1519 iisque

192 1539 477 1585 sanctissimis,
522 1539 766 1590 praesertim
809 1539 1047 1578 Venerabili
1088 1540 1132 1578 P.
1169 1540 1348 1590 Iosepho
1390 1539 1651 1590 Pignatellio,
1687 1540 1760 1578 So-

191 1610 352 1650 cietatis
389 1611 481 1649 Iesu
514 1611 695 1657 alumno,
720 1624 805 1662 quo
828 1610 1147 1649 familiarissime
1171 1611 1375 1656 utebatur,
1412 1611 1474 1649 sui
1508 1619 1757 1661 potestatem

191 1681 385 1727 faciebat;
420 1690 546 1732 atque
578 1682 684 1720 adeo
717 1681 986 1733 tranquillum
1011 1695 1054 1720 se
1078 1681 1281 1732 praebuit,
1317 1690 1363 1720 ut
1397 1681 1517 1727 Galli,
1554 1681 1625 1732 qui
1650 1681 1759 1720 ultro

191 1752 358 1804 quietos
392 1753 593 1791 lacessere
626 1761 909 1798 consuessent,
936 1753 1036 1791 urbe
1061 1753 1198 1791 Roma
1222 1752 1355 1803 potiti,
1391 1760 1430 1791 et
1466 1752 1559 1803 ipso
1584 1752 1760 1791 Summo

192 1824 393 1863 Pontifice
427 1823 467 1861 in
502 1824 677 1863 Galliam
712 1825 898 1874 abrepto,
924 1824 1078 1862 nullam
1110 1837 1281 1874 prorsus
1315 1823 1350 1861 ei
1387 1822 1620 1861 molestiam
1655 1822 1760 1861 intu-

192 1895 326 1941 lerint,
364 1895 491 1934 immo
525 1895 725 1946 pecuniae
768 1909 973 1933 summam
1022 1895 1181 1946 oppido
1214 1894 1427 1945 copiosam
1463 1894 1598 1933 eidem
1632 1908 1655 1932 a
1688 1908 1760 1944 pu-

192 1966 302 2005 blico
336 1966 495 2004 aerario
529 1966 752 2017 quotannis
775 1966 1020 2005 solvendam
1045 1965 1316 2004 decreverint.
1355 1965 1491 2016 Quam
1526 1973 1664 2003 tamen
1688 1978 1759 2002 rex

192 2036 270 2075 nisi
304 2046 490 2075 mutuam
526 2037 712 2088 accipere
746 2036 889 2075 noluit.
928 2037 1147 2075 Praeterea
1169 2036 1325 2075 taenias
1361 2049 1505 2073 aureas
1539 2035 1631 2074 solii
1655 2035 1756 2080 eius,

192 2120 295 2158 quas
330 2107 586 2152 vendiderat,
636 2122 729 2146 aere
778 2108 1055 2151 redimendas,
1106 2107 1228 2158 eique
1276 2107 1510 2145 reddendas
1548 2114 1756 2145 curarunt.

193 2178 413 2230 Quidquid
446 2179 555 2217 enim
590 2180 801 2230 pecuniae,
837 2180 901 2218 vel
935 2179 1107 2230 pretiosi
1131 2179 1321 2224 habebat,
1358 2178 1398 2216 in
1433 2191 1663 2229 egenorum
1697 2191 1759 2215 so-

192 2249 336 2288 latium
371 2264 545 2301 erogare
577 2251 756 2292 solebat:
791 2251 1023 2301 eademque
1062 2250 1231 2289 caritate
1269 2249 1488 2300 impulsus,
1523 2256 1618 2287 ante
1650 2248 1758 2286 fores

191 2321 443 2371 templorum
487 2320 638 2371 stipem
682 2336 704 2360 a
748 2321 1099 2360 Christifidelibus
1147 2320 1343 2371 colligere
1392 2333 1475 2358 non
1524 2318 1755 2364 verebatur,

196 2405 323 2441 quam
360 2391 399 2429 in
434 2406 638 2442 pauperes
671 2392 877 2431 conferret
902 2394 980 2442 (7).

283 2462 407 2501 Anno
441 2463 610 2500 demum
644 2474 898 2507 MDCCCXIV,
934 2477 956 2500 a
990 2461 1248 2513 principibus
1288 2461 1497 2510 Europae,
1532 2459 1603 2510 qui
1637 2458 1759 2497 simul

191 2533 417 2577 coiverant,
454 2534 711 2584 Napoleonis
737 2534 893 2585 Magni,
920 2533 1137 2573 Gallorum
1173 2531 1446 2582 imperatoris,
1482 2530 1664 2569 exercitu
1694 2530 1760 2568 de-

191 2603 288 2647 leto,
315 2604 575 2655 imperioque
598 2619 756 2651 everso,
783 2619 911 2656 quum
941 2603 1152 2643 Victorius
1179 2602 1424 2641 Emmanuel
1450 2603 1479 2647 I,
1512 2615 1644 2653 regno
1667 2600 1760 2639 sub-

190 2675 332 2726 alpino
366 2684 547 2726 recepto,
582 2677 821 2727 Augustam
855 2675 1136 2714 Taurinorum
1162 2673 1401 2724 triumphali
1437 2687 1593 2724 pompa
1626 2671 1759 2722 ingre-

191 2747 373 2792 deretur,
409 2747 584 2785 Carolus
619 2747 865 2785 Emmanuel
899 2746 951 2784 de
984 2745 1106 2784 avitis
1136 2744 1309 2784 aedibus
1344 2744 1491 2782 iterum
1529 2741 1758 2782 incolendis

192 2817 366 2856 minime
399 2818 621 2868 cogitavit;
656 2818 797 2863 immo,
833 2831 942 2855 anno
976 2825 1159 2868 postero,
1192 2815 1361 2860 mundo,
1387 2814 1559 2865 eiusque
1592 2813 1759 2865 pompis

191 2889 317 2940 plane
351 2889 600 2932 valedicens,
635 2903 679 2928 se
713 2889 765 2927 ad
798 2888 939 2928 Sancti
974 2888 1170 2927 Andreae
1204 2887 1243 2925 in
1278 2895 1461 2925 montem
1502 2885 1758 2936 Quirinalem
