1926 3200
223 326 339 366 sacri.
375 335 414 364 et
449 326 535 376 ipse
561 326 794 376 Episcopus
827 325 877 364 ad
911 325 1007 363 odia
1037 324 1231 375 ponenda
1255 323 1325 362 diu
1350 324 1612 374 multumque
1645 331 1783 361 essent

224 397 387 438 hortati„
425 410 498 435 nec
532 396 759 447 quidquam
794 395 1087 446 profecissent:
1122 403 1161 432 at
1196 394 1353 433 Cim-<la
1393 403 1548 444 puncto
1581 392 1782 444 temporis

223 468 328 506 inter
360 482 431 505 eos
465 481 607 518 pacem
641 466 887 505 conciliavit.
924 466 967 505 Si
991 465 1059 516 qui
1083 478 1182 503 vero
1207 464 1471 515 pertinaciter
1506 464 1545 502 in
1579 463 1783 502 sententia

222 538 502 588 persisterent,
539 537 577 575 in
611 551 748 586 genua
783 537 1074 587 procumbens,
1111 535 1212 573 flens
1255 549 1301 573 ac
1345 548 1511 586 rogans,
1548 548 1630 573 non
1663 543 1783 573 antea

219 609 511 658 consurgebat.
537 622 674 658 quam,
709 615 931 657 superante
956 606 1034 644 Dei
1065 605 1322 656 1ξ·1·3113,1’6111
1357 605 1606 644 obtinuerat.
1639 605 1783 655 Itaque

222 679 319 716 olim
354 678 586 717 semihorae
619 677 754 728 spatio
791 678 843 715 ad
892 677 1020 727 pedes
1069 675 1249 714 hominis
1297 675 1613 714 obstinatissimi
1647 675 1782 714 minor

219 765 330 799 ⁴<genu
364 749 603 800 permansit.
640 748 732 786 Pari
763 749 890 786 modo
924 748 1029 786 male
1063 756 1180 797 parta
1205 746 1542 792 restituebantur,
1577 746 1784 785 connubia

219 822 324 860 male
358 821 456 860 inita
488 821 539 858 ad
565 820 771 858 Ecclesiae
795 820 908 869 leges
933 819 1291 861 instaurabantur:
1327 818 1418 856 libri
1443 818 1601 856 haeresi
1626 818 1777 863 infecti,

220 893 282 931 vel
306 891 500 931 obscoeni
524 892 576 929 ad
600 904 708 935 eum,
734 900 778 929 ut
804 890 901 940 igne
925 891 1254 933 absumerentur,
1280 889 1465 940 undique
1487 889 1778 928 afferebantur.

221 964 361 1001 Homo
409 961 496 1003 fuit,
546 960 658 1011 apud
708 974 832 1011 quem
871 960 1110 998 huiusmodi
1154 959 1277 998 libelli
1317 960 1482 998 venales
1521 968 1777 1010 prostarent,

219 1033 373 1084 quique
406 1033 534 1083 vulgo
568 1032 779 1082 professus
813 1040 934 1075 esset,
960 1031 1167 1069 neminem
1203 1045 1331 1069 unum
1365 1031 1441 1069 sub
1475 1031 1561 1069 sole
1595 1030 1778 1081 reperiri.

218 1105 333 1143 cuius
381 1117 508 1154 opera
546 1117 568 1141 a
612 1102 767 1141 nefario
815 1110 990 1152 quaestu
1039 1101 1237 1140 deterreri
1286 1110 1442 1152 posset.
1490 1101 1780 1146 Nihilosecius,

217 1174 375 1213 Giorda
403 1173 505 1214 viso.
531 1173 770 1224 auditoque,
802 1172 964 1211 libellos
1003 1186 1147 1211 01111165
1187 1186 1209 1210 6
1248 1171 1427 1223 vestigio
1461 1171 1501 1209 in
1540 1185 1668 1210 unum
1701 1172 1781 1210 601-

218 1245 362 1286 lectos,
397 1244 449 1282 ad
481 1258 575 1282 eum
624 1243 800 1281 flammis
848 1242 1154 1281 comburendos
1203 1242 1368 1287 detulit,
1418 1250 1544 1292 atque
1595 1256 1675 1280 una
1723 1250 1785 1280 est

215 1316 462 1357 obtestatus,
498 1315 530 1353 si
565 1314 734 1365 quando
759 1323 1043 1365 opportunum
1067 1313 1288 1358 videretur,
1315 1327 1358 1351 se
1381 1322 1570 1364 paratum
1595 1326 1684 1351 esse
1707 1326 1779 1351 eos

220 1386 333 1437 ipsos
367 1386 434 1424 illa
468 1385 507 1423 in
541 1386 677 1436 platea
710 1385 796 1436 igni
830 1385 1003 1426 tradere„
1040 1384 1079 1422 in
1114 1398 1195 1435 qua
1230 1392 1350 1422 antea
1383 1397 1535 1422 venum
1570 1383 1695 1422 ibant.

312 1457 388 1495 His
423 1457 545 1494 rebus
583 1456 699 1494 facile
743 1455 998 1506 intelligitur,
1034 1463 1191 1505 quanto
1226 1455 1428 1493 Giordam
1461 1467 1603 1493 amore
1635 1467 1780 1493 omnes

220 1535 582 1577 prosequerentur,
618 1535 657 1565 et
691 1540 774 1577 quo
808 1526 946 1565 studio
971 1525 1303 1568 incenderentur,
1339 1534 1383 1564 ut
1416 1524 1527 1563 dicto
1561 1524 1777 1563 audientes

219 1606 367 1637 essent.
419 1610 597 1647 eumque
632 1597 671 1634 in
704 1596 1012 1635 discriminibus
1062 1596 1310 1634 incolumem
1355 1603 1624 1646 praestarent.
1671 1595 1778 1633 Eum

217 1668 326 1706 enim
362 1681 434 1705 sua
468 1667 645 1718 quisque
678 1667 762 1706 vita
794 1667 995 1706 cariorem
1034 1668 1254 1706 habebant.
1302 1667 1446 1717 Itaque
1480 1666 1578 1705 olim
1613 1665 1780 1716 plurimi

217 1738 516 1779 adolescentes,
566 1751 612 1776 36
661 1737 737 1775 viri
785 1738 926 1788 magni
975 1737 1100 1776 animi
1134 1746 1174 1776 et
1206 1737 1367 1776 roboris
1415 1751 1510 1775 eum
1558 1737 1704 1775 armati
1739 1736 1779 1774 in

217 1809 374 1858 templo
407 1808 780 1851 circumsteterunt,
816 1816 860 1846 ut
893 1808 944 1846 ab
978 1808 1146 1846 1101111116
1179 1807 1348 1851 nefario,
1384 1808 1774 1858 potentissimoque,

217 1879 288 1929 qui
322 1879 409 1917 eius
443 1879 569 1916 verba
602 1879 707 1916 male
741 1878 1046 1928 interpretatus,
1082 1878 1132 1916 de
1166 1868 1347 1916 vindicta
1379 1878 1644 1916 acerbissima
1677 1878 1777 1916 inibi

216 1949 417 1987 sumenda
441 1949 659 1988 consilium
685 1948 841 1991 inierat,
868 1949 919 1986 ad
943 1958 1175 1987 extremum
1198 1949 1482 1987 defenderent.
1514 1950 1605 1987 Hos
1631 1962 1780 1999 nempe

217 2034 299 2058 non
333 2020 485 2058 latebat
509 2019 724 2061 Giordam,
760 2019 999 2070 parentibus
1033 2018 1129 2063 suis,
1161 2019 1276 2057 senio
1309 2018 1520 2064 confectis,
1556 2027 1596 2057 et
1628 2019 1777 2057 morbo

216 2090 501 2128 laborantibus
534 2089 686 2128 nuncio
720 2090 906 2131 remisso,
942 2103 1032 2127 sese
1075 2089 1184 2127 illam
1220 2089 1259 2127 in
1294 2089 1468 2127 insulam
1501 2103 1524 2127 e
1566 2089 1777 2128 continen-

217 2161 327 2199 tibus
360 2160 479 2199 terris
513 2160 803 2202 transmisisse,
839 2173 921 2198 non
954 2159 1054 2198 lucri
1095 2173 1229 2202 631153,
1279 2160 1352 2198 56(1
1402 2159 1586 2210 ipsorum
1635 2159 1779 2198 salutis

214 2231 490 2281 sempiternae
524 2231 675 2282 gratia:
710 2231 974 2280 eundemque
998 2230 1119 2268 nullis
1143 2244 1326 2280 unquam
1360 2229 1571 2268 laboribus
1595 2244 1778 2280 parcere,

215 2316 349 2353 neque
403 2303 527 2341 ullam
576 2301 824 2340 valetudinis
869 2301 1071 2340 rationem
1105 2302 1268 2346 habere,
1316 2311 1360 2340 ut
1402 2301 1632 2340 animarum
1667 2302 1780 2341 bono

218 2374 488 2424 prospiceret.
539 2373 645 2411 Eum
695 2381 897 2411 noverant
945 2380 1158 2422 praeterea
1205 2372 1440 2423 omnigenis
1490 2371 1712 2410 virtutibus
1759 2386 1783 2410 a

216 2453 362 2482 natura
394 2444 608 2487 donatum,
660 2442 882 2493 integrum,
929 2443 1144 2487 urbanum,
1194 2443 1456 2493 prudentem,
1507 2443 1691 2489 (106111111,
1728 2442 1783 2481 fa-

214 2515 409 2557 cundum,
459 2523 499 2553 et
542 2514 811 2552 nihilominus
854 2513 1024 2564 pudoris
1057 2527 1103 2552 ac
1137 2514 1366 2552 modestiae
1409 2513 1779 2559 studiosissimum,

214 2585 284 2636 qui
318 2585 402 2623 suis
436 2585 592 2623 viribus
627 2585 795 2623 minime
830 2585 986 2626 fideret,
1014 2584 1087 2622 sed
1113 2585 1204 2623 Deo
1228 2584 1346 2623 unice
1371 2584 1626 2631 inniteretur,
1653 2585 1774 2635 eique

214 2656 419 2707 quidquid
453 2670 653 2707 prospere
686 2665 862 2705 gereret,
888 2664 1103 2705 acceptum
1143 2655 1334 2699 referret:
1369 2656 1485 2706 quod
1509 2669 1610 2694 vero
1644 2656 1780 2693 minus

213 2726 383 2764 feliciter
415 2734 570 2776 ageret.
606 2725 682 2764 sibi
717 2726 862 2776 culpae
896 2726 1108 2764 tribueret.

302 2798 387 2835 Sub
420 2797 576 2836 exitum
611 2799 817 2835 missionis
850 2810 1001 2837 sacrae.
1047 2810 1173 2847 quam
1218 2796 1257 2834 in
1299 2797 1458 2847 oppido
1495 2796 1622 2835 Lurio
1656 2796 1772 2839 obiit,

215 2867 351 2905 nuncii
385 2878 479 2906 sunt
512 2868 635 2909 allati,
671 2867 821 2918 quibus
845 2867 995 2905 certior
1019 2876 1080 2905 est
1104 2867 1246 2908 factus.
1276 2876 1449 2906 matrem
1482 2881 1598 2905 suam
1636 2867 1714 2906 iam
1740 2867 1779 2905 in
