1926 3200
853 256 1082 292 -51—

183 360 282 397 tate,
317 361 405 391 tum
439 351 627 390 doctrina
659 358 929 401 praestantes,
965 348 1138 388 summis
1171 347 1362 385 laudibus
1405 346 1642 385 extulerunt
1665 347 1742 395 (2).

188 423 296 461 Nam
336 422 548 461 Santinius
590 429 814 472 praeterea,
853 420 905 459 ad
949 419 1123 458 eandem
1166 418 1401 457 versionem
1445 416 1742 459 illustrandam,

186 493 515 544 suppellectilem
538 491 775 532 litterariam
798 490 1129 542 copiosissimam
1159 489 1335 540 reliquit,
1362 502 1443 539 qua
1466 497 1611 539 postea
1635 487 1742 525 idem

189 565 313 603 Mella
345 564 570 603 editionem
602 577 718 602 suam
752 562 1034 614 locupletavit.
1071 561 1213 600 Iunior
1240 561 1376 599 adhuc
1408 560 1519 610 apud
1554 558 1744 597 homines

188 636 392 674 litteratos
425 634 591 686 plurimi
623 643 685 673 est
708 634 850 672 factus.
877 634 939 672 Ex
972 633 1035 671 his
1057 632 1306 682 compellare
1330 630 1479 669 sufficit
1511 629 1742 668 Antonium

190 705 493 751 Brescianium,
543 705 613 756 qui
661 704 805 743 litteris
854 703 1019 749 italicis,
1069 710 1256 741 vertente
1303 701 1443 739 seculo
1487 711 1587 745 XIX,
1638 712 1745 737 unus

188 777 374 816 omnium
398 776 576 815 maxime
597 775 747 815 floruit.
770 775 850 813 Hic
868 775 1007 825 itaque
1031 773 1220 813 Santinio
1243 771 1496 811 adolescenti
1519 771 1743 822 plurimum

188 847 343 893 tribuit,
379 847 414 886 ei
448 846 618 898 triginta
639 859 769 885 annos
802 845 950 884 minori
974 853 1072 883 nato
1095 858 1193 882 suos
1217 844 1268 882 de
1297 843 1525 882 Sardorum
1560 841 1745 880 moribus

190 918 382 969 dialogos
424 917 609 956 eruditos
641 926 681 955 et
723 917 948 955 concinnos
981 915 1290 966 dignoscendos
1330 913 1521 959 tradidit;
1560 912 1746 951 eosdem-

191 1003 284 1040 que,
309 997 354 1027 ut
385 989 526 1039 pulcre
558 996 598 1026 et
630 987 848 1026 emendate
882 986 1114 1031 ederentur,
1150 986 1238 1024 eius
1271 998 1392 1023 curae
1426 982 1634 1022 commisit
1668 984 1745 1032 (3).

193 1060 327 1111 Igitur
349 1058 560 1098 Santinius
593 1072 643 1097 eo
665 1058 841 1096 flebilior
863 1057 1031 1103 exstitit,
1057 1070 1141 1108 quo
1165 1055 1366 1095 maturius
1388 1054 1583 1093 decessit.
1616 1054 1747 1092 Breve

190 1131 430 1175 admodum,
449 1138 490 1169 at
508 1129 665 1181 oppido
683 1129 851 1179 elegans
875 1128 1056 1168 hominis
1079 1127 1263 1178 elogium
1287 1125 1532 1176 conscripsit
1550 1125 1748 1164 Camillus

193 1202 317 1240 Mella
350 1201 389 1239 in
422 1200 732 1251 prolegomenis
776 1208 1029 1238 memoratae
1073 1197 1287 1243 versionis,
1332 1211 1456 1248 quem
1501 1196 1747 1246 scriptorem

192 1272 461 1324 praecipuum
494 1271 623 1310 secuti
656 1285 811 1310 sumus.
