1926 3200
833 257 1091 293 ,ἒμ-

183 352 322 390 ferani.
346 351 580 390 Fridericus
600 349 864 390 Torniellius,
885 349 1001 387 cuius
1021 349 1230 399 praeclara
1249 348 1478 387 sanctitatis
1497 347 1643 386 merita
1665 347 1743 387 toti

185 424 325 462 Italiae
359 423 639 465 innotuerunt,
672 421 722 459 ‹le
758 422 917 459 Franco
951 420 1085 458 adhuc
1118 420 1394 465 adolescente,
1429 435 1449 454 <‹
1482 419 1560 458 Hic
1604 420 1745 466 modo,

182 494 327 545 inquit.
352 493 593 544 aequalibus
618 492 657 530 in
680 492 915 541 exemplum
941 491 1172 541 praelucet:
1207 498 1247 528 at
1268 489 1307 527 in
1332 499 1545 540 posterum
1571 489 1748 539 grandia

181 564 351 602 omnino
384 563 566 601 facinora
599 562 651 600 ad
687 562 764 600 Dei
805 562 1007 599 honorem
1041 560 1221 610 patrabit
1250 574 1283 598 ›>.
1319 559 1503 598 Aloisius
1544 559 1741 605 Ricasoli,

183 635 243 673 vir
276 634 502 675 nobilitate,
538 633 738 684 religione
771 646 817 670 ac
850 631 1052 682 sapientia
1085 631 1349 676 clarissimus,
1381 644 1462 681 qua
1495 639 1743 681 tempestate

185 707 366 743 Francus
385 703 652 744 Florentiam.
678 703 718 741 in
737 703 922 748 domum,
947 701 1010 740 cui
1032 701 1118 752 ipse
1142 709 1342 751 praeerat,
1363 714 1406 739 se
1429 701 1616 747 contulit,
1642 701 1743 739 haec

183 777 306 814 verba
339 774 485 813 litteris
524 773 672 811 annuis
715 772 1000 821 consignanda
1043 771 1219 810 curavit:
1263 786 1284 808 <‹
1311 771 1444 810 Patris
1485 771 1631 810 Franci
1675 772 1744 809 ad-

183 854 330 883 ventus
356 845 496 883 Patres
526 851 691 889 nostros
715 842 940 881 admodum
964 841 1093 880 erexit
1118 857 1150 880 ›>.
1186 841 1432 880 Franciscus
1458 841 1645 885 Pellicus,
1671 842 1743 892 qui

181 915 420 966 provinciae
453 913 702 953 taurinensis
736 913 1036 964 praefecturam
1062 911 1253 957 obtinuit,
1278 920 1404 963 atque
1427 911 1533 950 inter
1567 913 1743 962 Praepo-

180 986 246 1025 siti
280 985 495 1025 Generalis
528 998 760 1023 assessores
793 992 855 1022 est
888 991 1122 1033 cooptatus,
1149 983 1369 1028 ancnm,
1405 982 1463 1021 uti
1497 982 1631 1021 virum
1666 983 1747 1021 sin-

180 1056 313 1105 gulari
336 1055 490 1094 virtute
513 1054 762 1106 praeditum,
788 1054 924 1092 verbis
948 1053 1092 1091 efferre
1117 1053 1289 1091 solebat.
1316 1053 1492 1091 Ioannes
1517 1053 1743 1092 Roothaan

181 1127 250 1177 qui
265 1126 481 1164 universae
495 1124 695 1164 Societati
716 1125 808 1162 Iesu
829 1125 1037 1175 regendae
1056 1123 1320 1174 praepositus
1338 1132 1413 1166 est,
1434 1124 1562 1162 multa
1581 1125 1743 1163 Franco

179 1196 494 1235 benevolentiae
537 1204 578 1234 et
609 1194 928 1233 existimationis
961 1194 1081 1243 signa
1114 1193 1323 1244 praebuit,
1368 1202 1409 1232 et
1446 1208 1529 1244 qua
1561 1194 1746 1245 pollebat

178 1267 435 1313 auctoritate,
470 1266 628 1304 aditum
662 1266 714 1303 ad
737 1279 873 1304 sacras
898 1267 1122 1309 missiones,
1152 1265 1267 1303 brevi
1291 1265 1492 1315 temporis
1514 1265 1646 1315 lapsu,
1681 1279 1748 1304 ex-

179 1338 350 1389 pedivit.

269 1411 363 1448 Hoc
395 1417 533 1447 autem
566 1408 650 1447 vita
683 1408 837 1450 functo,
872 1421 1001 1458 quum
1050 1421 1184 1446 novus
1231 1407 1495 1458 praepositus
1534 1416 1645 1446 esset
1677 1407 1746 1446 eli-

179 1480 352 1531 gendus,
374 1480 571 1525 Francus,
593 1492 847 1529 quamquam
866 1486 1000 1516 aetate
1019 1477 1166 1523 iunior,
1188 1491 1211 1515 a
1229 1477 1442 1516 sodalibus
1460 1486 1522 1516 est
1541 1477 1740 1524 adlectus,

179 1551 249 1601 qui
282 1550 410 1589 totius
453 1549 610 1588 ordinis
653 1548 877 1588 conventui
926 1548 1156 1587 interesset.
1197 1549 1292 1599 Qua
1329 1548 1498 1599 quidem
1532 1548 1745 1599 legatione

179 1629 241 1659 est
274 1620 518 1658 honestatus
551 1619 656 1657 adeo
680 1606 1145 1669 praematuresvirtutis
1168 1632 1284 1670 ergo.
1315 1619 1383 1657 Ad
1416 1619 1594 1657 eundem
1618 1619 1742 1657 etiam

179 1699 429 1729 conventum
463 1698 525 1728 est
558 1689 708 1727 missus
742 1703 850 1727 anno
885 1701 1244 1728 MDCCCLXXXHI.
1270 1690 1380 1728 Suae
1402 1698 1617 1740 praeterea
1649 1703 1744 1740 pro-

181 1761 338 1799 vinciae
371 1760 525 1799 multos
573 1774 704 1798 annos
752 1760 967 1798 consultor
999 1759 1088 1806 suit,
1133 1768 1259 1811 atque
1307 1760 1359 1798 ad
1406 1760 1553 1799 altiora
1602 1761 1745 1799 munia

177 1841 345 1870 evectus
377 1839 498 1873 esset.
524 1830 601 1869 nisi
624 1829 932 1869 concionatoris
964 1838 1005 1869 et
1034 1829 1248 1881 scriptoris
1277 1830 1423 1877 officia,
1449 1831 1500 1869 ad
1523 1845 1630 1881 quae
1653 1845 1743 1881 per-

180 1911 307 1953 petuo
325 1910 366 1940 et
385 1901 556 1952 egregie
580 1901 740 1952 oppido
758 1901 1035 1947 incumbebat,
1060 1900 1362 1951 impedimento
1380 1900 1566 1940 fuissent.
1592 1902 1744 1940 Postea

179 1988 278 2012 vero
311 1987 436 2024 quam
470 1972 590 2011 nobis
623 1986 718 2011 eum
754 1971 904 2022 Superi
954 1971 1202 2017 inviderunt,
1253 1971 1440 2010 Societas
1482 1981 1623 2011 nostra
1657 1972 1744 2011 uni-

179 2057 297 2082 versa
344 2043 447 2081 tanti
491 2042 673 2081 hominis
721 2042 919 2080 iacturam
968 2041 1233 2080 acerbissime
1265 2042 1370 2089 tulit,
1405 2050 1445 2081 et
1478 2043 1744 2093 praepositus

179 2113 418 2164 provinciae
451 2113 711 2158 taurinensis,
738 2112 845 2151 datis
885 2112 1043 2157 litteris,
1084 2126 1190 2163 quae
1229 2113 1392 2151 sodales
1430 2113 1482 2152 de
1514 2113 1591 2151 viri
1625 2113 1743 2153 obitu

178 2184 474 2229 admonerent,
524 2183 704 2233 plurimo
754 2183 890 2227 illum,
941 2183 1055 2233 quod
1098 2196 1191 2221 raro
1234 2183 1462 2222 admodum
1511 2184 1551 2222 in
1600 2192 1743 2223 nostra

178 2253 391 2304 provincia
424 2253 631 2299 usuvenit,
664 2253 804 2302 elogio
847 2253 1154 2292 condecoravit.
1200 2253 1435 2304 Scriptores
1479 2268 1578 2293 vero
1618 2255 1743 2306 ephe-

179 2323 397 2369 meridum,
433 2337 539 2374 quae
583 2338 604 2362 a
658 2324 863 2362 Ciz·2‘l2·tale
911 2324 1118 2362 Catholz'ca
1162 2324 1239 2362 sibi
1288 2338 1440 2363 nomen
1489 2325 1744 2372 adsciscunt,

178 2393 255 2432 etsi
291 2395 475 2432 Francus
509 2393 695 2444 ipsorum
730 2394 910 2445 collegio
949 2408 1161 2445 nunquam
1194 2394 1384 2433 addictus
1423 2395 1566 2441 fuerat,
1601 2403 1741 2434 tamen

177 2465 264 2503 eius
297 2465 402 2503 facta
435 2465 658 2516 praecipua
701 2465 928 2504 honorifice
967 2474 1360 2504 commemorarunt.
1398 2466 1614 2505 Postremo
1658 2466 1746 2517 qui-

179 2535 275 2572 dam
323 2549 344 2573 e
393 2535 545 2573 nostris
587 2535 800 2574 sodalibus
843 2536 894 2574 de
945 2535 1093 2574 Franci
1136 2535 1222 2574 vita
1259 2537 1605 2575 commentarium
1651 2551 1746 2575 con-

179 2604 355 2655 scripsit,
381 2618 464 2643 non
487 2604 624 2644 minus
657 2620 795 2644 rerum
819 2605 1005 2652 veritate,
1031 2620 1155 2657 quam
1189 2606 1309 2657 copia
1332 2615 1626 2657 praestantem,
1662 2607 1749 2645 edi—

179 2674 324 2725 ditque
358 2688 466 2712 anno
500 2686 788 2714 MDCCCXCVH
823 2676 863 2713 in
897 2676 1044 2715 litteris
1078 2676 1317 2726 provinciae
1346 2677 1606 2719 taurinensis,
1633 2691 1741 2728 quae

179 2745 300 2783 tertio
349 2758 517 2795 quoque
550 2759 659 2784 anno
692 2745 879 2796 evulgari
915 2746 1117 2785 solebant.
1169 2747 1231 2785 Ex
1279 2761 1329 2785 eo
1378 2748 1507 2786 multa
1549 2747 1743 2798 equidem

180 2814 443 2865 deprompsi:
478 2828 572 2852 nam
613 2815 802 2866 scriptor,
838 2830 943 2867 quae
976 2817 1116 2855 omnia
1159 2818 1211 2856 de
1255 2819 1416 2856 Franco
1459 2817 1678 2863 enarravit,
1720 2832 1744 2856 a

180 2885 296 2935 puris
321 2884 504 2923 sontibus
537 2885 696 2935 petivit.
722 2886 815 2924 Alia
839 2896 1051 2937 praeterea
1074 2888 1114 2926 in
1139 2888 1286 2926 eodem
1310 2888 1612 2926 commentario
1646 2887 1747 2926 refe-

1641 2987 1672 3004 10
