1926 3200
207 360 331 395 ratus,
366 353 468 391 tanti
502 352 682 392 hominis
716 353 911 393 virtutem
946 353 1118 392 iamtum
1152 354 1362 399 aemulari,
1398 364 1437 393 et
1473 355 1564 393 Deo
1598 354 1771 405 impera-

206 422 285 470 tori
318 435 395 461 suo
428 437 569 473 parem
603 437 773 474 operam
806 432 1018 475 praestare
1051 424 1277 465 statuisset.

294 493 419 531 Anno
454 505 739 540 MDCCCLXVI,
775 494 989 534 Victorius
1024 495 1269 533 Emmanuel
1296 496 1347 540 II,
1375 495 1516 534 Italiae
1549 510 1633 542 rex,
1667 504 1772 534 tam-

204 563 280 601 etsi
313 564 365 601 ab
397 564 592 603 Austriae
617 564 880 616 imperatore,
905 574 1013 604 terra
1037 565 1224 616 marique
1248 565 1438 604 maximis
1462 565 1628 617 praeliis
1657 580 1767 605 com-

203 634 352 676 missis,
378 636 522 685 pulsus
540 649 586 674 ac
610 636 777 687 fugatus
801 645 900 679 erat,
926 646 1056 675 totam
1087 637 1344 687 provinciam
1368 645 1559 676 venetam
1584 637 1624 675 in
1649 651 1767 676 suam

202 713 454 754 potestatem
493 706 724 756 redegerat,
758 707 942 745 Francus
974 707 1026 744 ab
1059 707 1161 745 urbe
1199 706 1386 745 Venetiis
1419 707 1647 757 digressus,
1683 721 1767 758 quo

200 775 475 814 concionandi
509 789 633 814 causa
665 790 708 814 se
741 777 985 819 contulerat,
1021 777 1200 815 Romam
1235 777 1359 823 venit,
1395 786 1434 816 et
1473 777 1512 815 in
1545 778 1648 816 aede
1685 791 1768 815 ma-

200 845 310 884 xima
344 847 437 884 Iesu
471 846 628 885 nomini
662 860 789 892 sacra,
825 847 1002 886 oratoris
1045 847 1170 886 annui
1194 847 1375 886 officium
1409 848 1622 887 biennium
1647 847 1763 887 obiit.

201 917 310 955 Hinc
332 917 384 955 ad
418 917 671 968 Subalpinos
704 918 932 963 contendit,
967 927 1007 957 et
1041 919 1118 957 sub
1151 919 1306 957 exitum
1340 919 1436 957 anni
1473 931 1762 966 MDCCCLXIX,

197 987 414 1031 sodalium,
464 987 535 1038 qui
584 989 803 1038 Augustae
852 988 1131 1028 Taurinorum
1189 990 1472 1036 morabantur,
1522 990 1764 1029 moderator

197 1066 259 1096 est
311 1058 447 1096 iussus
473 1072 479 1103 ;
534 1072 668 1109 eoque
722 1073 892 1097 munere
944 1059 1280 1110 quattuordecim
1336 1074 1468 1099 annos
1529 1060 1765 1099 felicissime

198 1129 363 1167 functus
396 1138 470 1167 est.
507 1128 678 1179 Quippe
701 1137 886 1175 cunctos,
912 1143 995 1168 non
1019 1138 1102 1168 tam
1127 1131 1386 1177 auctoritate,
1411 1145 1536 1182 quam
1571 1132 1763 1183 exemplo

197 1200 481 1238 antecedebat.
517 1199 705 1250 Singulis
738 1200 886 1238 diebus
919 1201 1138 1240 dominicis
1173 1202 1212 1239 in
1246 1203 1348 1241 aede
1372 1202 1622 1241 Sanctorum
1657 1203 1763 1241 Mar-

197 1278 335 1320 tyrum
359 1271 562 1321 pooulum
587 1270 717 1309 divini
741 1271 855 1310 verbi
875 1273 1028 1322 pabulo
1046 1273 1200 1319 alebat3
1220 1273 1290 1323 pio
1309 1273 1445 1312 coetui
1464 1282 1764 1320 matronarum,

197 1340 261 1379 cui
294 1341 346 1379 ab
371 1342 602 1380 humilitate
626 1342 669 1380 fit
693 1356 858 1387 nomen,
893 1351 933 1380 et
967 1342 1175 1381 sodalitati
1201 1344 1341 1382 Bonae
1371 1343 1521 1383 Mortis
1554 1352 1764 1395 praeerat;

196 1412 433 1462 complures
464 1412 725 1451 continentes
758 1413 882 1451 horas
915 1413 1103 1464 quotidie
1126 1414 1178 1452 ad
1202 1414 1344 1465 culpas
1368 1429 1444 1465 pro
1467 1428 1585 1453 sacro
1620 1414 1765 1454 Poeni-

197 1483 350 1521 tentiae
399 1483 593 1521 tribunali
641 1484 868 1522 abluendas
916 1484 1203 1531 incumbebat3
1253 1485 1342 1535 pias
1390 1486 1764 1525 commentationes

198 1553 339 1592 Sancti
376 1553 562 1592 Parentis
611 1553 763 1604 Ignatii
803 1555 913 1593 clero
947 1555 1011 1593 vel
1051 1555 1258 1606 religiosis
1296 1556 1461 1595 familiis
1499 1557 1762 1603 enucleabat;

197 1623 372 1674 aliisque
406 1623 665 1674 temporibus
699 1624 876 1670 statutis
912 1625 964 1663 ad
997 1633 1154 1664 ceteras
1184 1626 1326 1665 Italiae
1359 1627 1554 1677 regiones
1588 1627 1664 1666 iter
1696 1628 1763 1666 ha-

197 1695 334 1739 bebat,
369 1709 466 1745 quo,
502 1703 546 1733 ut
580 1709 704 1745 supra
753 1695 1003 1739 monuimus,
1049 1696 1277 1748 omnigeno
1325 1698 1574 1736 concionum
1609 1712 1763 1749 genere

195 1765 464 1804 christianam
489 1766 666 1816 plebem,
692 1774 732 1804 et
756 1766 968 1816 religionis
992 1767 1260 1806 administros
1284 1769 1335 1806 ad
1358 1768 1555 1818 pietatem
1589 1769 1770 1815 foveret„

195 1844 321 1886 atque
353 1836 407 1874 ad
440 1836 598 1875 maiora
631 1836 670 1874 in
704 1836 793 1874 dies
816 1837 1012 1875 sectanda
1034 1837 1244 1877 excitaret.
1270 1838 1456 1889 Singulis
1480 1839 1603 1877 etiam
1627 1839 1758 1886 annis,

197 1921 351 1945 novum
385 1906 555 1957 aliquod
594 1908 841 1957 opusculum
888 1907 927 1945 in
968 1908 1119 1958 vulgus
1162 1909 1457 1958 proferendum
1492 1910 1680 1956 curabat,
1715 1919 1771 1949 ut„

194 1977 317 2016 etiam
341 1977 498 2028 scripto
516 1977 818 2016 Christifideles
844 1978 894 2016 ad
919 1978 1165 2029 religionem
1190 1978 1442 2018 informaret.
1464 1980 1758 2031 Quamplures,

193 2056 281 2087 tum
305 2047 395 2093 viri,
420 2056 507 2086 tum
532 2048 726 2087 mulieres
749 2048 995 2099 amplissimi
1018 2049 1197 2099 generis,
1222 2058 1262 2088 et
1285 2049 1460 2089 eximiae
1484 2050 1697 2101 religionis
1720 2061 1761 2091 et

193 2118 420 2165 doctrinae,
455 2119 507 2157 ad
530 2133 624 2157 eum
647 2119 971 2170 frequentissimi
994 2121 1259 2167 accedebant,
1284 2134 1413 2171 seque
1436 2121 1471 2160 ei
1495 2130 1606 2160 totos
1631 2122 1671 2160 in
1695 2122 1760 2161 via

194 2189 359 2228 virtutis
393 2189 564 2227 terenda
597 2189 859 2229 libentissimi
893 2191 1130 2233 tradebant:
1167 2199 1312 2241 utpote
1346 2191 1429 2242 qui,
1456 2192 1617 2231 Franco
1638 2193 1756 2239 duce,

195 2259 397 2298 maximos
431 2273 622 2310 quosque
655 2274 904 2311 progressus
938 2274 981 2299 se
1016 2261 1231 2300 habituros
1264 2270 1491 2312 sperarent.

282 2330 407 2369 Anno
442 2341 803 2373 MDCCCLXXXHI,
855 2340 990 2370 rector
1038 2332 1190 2370 domus
1223 2332 1471 2371 antonianae
1505 2333 1756 2379 Cheriensis,

192 2410 319 2452 atque
353 2414 434 2439 una
466 2401 648 2440 tironum
683 2411 920 2440 nostrorum
955 2403 1154 2452 magister
1187 2412 1248 2442 est
1282 2404 1558 2443 renunciatus.
1596 2406 1759 2443 Domus

192 2471 381 2523 regimen
404 2471 643 2518 triennium,
668 2473 850 2511 tironum
871 2487 969 2511 vero
988 2473 1200 2512 biennium
1224 2474 1426 2520 obtinuit:
1451 2484 1492 2514 et
1516 2474 1554 2513 in
1579 2483 1758 2526 utroque

192 2556 363 2581 munere
411 2556 564 2593 magna
612 2544 832 2582 sedulitate
865 2558 911 2582 ac
944 2544 1031 2595 pari
1065 2544 1259 2584 felicitate
1302 2559 1400 2583 usus
1439 2554 1514 2584 est.
1550 2547 1671 2592 Nam,
1706 2559 1757 2585 eo

191 2612 372 2663 auspice,
399 2612 578 2651 maxima
606 2613 658 2651 ad
687 2613 907 2664 religiosos
941 2628 1078 2653 mores
1111 2623 1151 2653 et
1185 2615 1458 2654 domesticam
1492 2615 1755 2667 disciplinam

193 2682 447 2722 incrementa
485 2697 714 2730 accessere;
750 2684 888 2723 studia
927 2685 1023 2723 item
1059 2685 1289 2724 litterarum
1320 2700 1577 2737 magnopere
1612 2687 1758 2726 florue-

195 2762 302 2792 runt.
331 2754 377 2791 In
401 2754 479 2792 hoc
502 2762 640 2792 autem
664 2754 930 2805 potissimum
964 2765 1027 2794 est
1060 2755 1309 2802 dilaudatus,
1341 2757 1455 2807 quod
1494 2757 1662 2804 tirones,
1698 2758 1757 2797 uti

194 2837 343 2875 parens
378 2832 510 2870 natos,
545 2824 745 2874 singulari
794 2825 1083 2864 benevolentia
1131 2827 1491 2877 complecteretur,
1525 2842 1756 2880 eorumque

196 2894 418 2945 praecipue
441 2903 724 2945 aegrotorum,
750 2895 950 2934 rationem
976 2896 1157 2939 haberet,
1184 2911 1234 2935 ne
1257 2898 1357 2948 quid
1382 2897 1430 2937 iis
1452 2899 1503 2937 ad
1527 2899 1635 2938 vitae
1658 2913 1757 2938 usus
