1926 3200
805 184 1066 221 -159-

158 282 323 334 Quibus
346 281 463 320 annis
487 279 690 319 Baronius
724 278 899 330 Neapoli
924 277 1120 323 constitit,
1147 278 1325 328 opellam
1350 276 1610 327 conscripsit,
1640 290 1722 327 qua

157 353 372 391 historiam
406 351 619 390 contexuit
652 349 1125 401 piarum.s‹7)dalitatum,
1162 362 1264 398 quas
1298 347 1557 386 Venerabilis
1600 347 1722 385 Pater

158 423 402 463 Franciscus
448 423 639 461 Pavonus
683 420 955 459 instituendas
1003 427 1230 457 curaverat.
1268 418 1425 456 Eadem
1460 418 1499 456 in
1534 418 1635 456 urbe
1669 416 1721 455 ad

155 496 399 534 sollemnem
433 502 629 545 quattuor
661 500 853 530 votorum
888 489 1189 542 professionem
1223 499 1391 528 evectus
1425 498 1498 528 est.
1537 489 1644 527 Dein
1681 482 1720 526 in

158 565 395 606 Salentinos
419 574 480 603 est
503 564 724 615 profectus,
751 572 879 600 artem
905 561 1152 600 rhetoricam
1184 560 1456 610 Lyciensibus
1480 560 1719 598 traditurus.

158 637 226 675 Ad
255 644 350 675 octo
373 649 503 674 annos
526 633 637 685 apud
659 647 730 672 eos
754 641 815 671 cst
839 641 1023 670 moratus
1047 640 1160 670 tanta
1183 640 1270 669 tum
1294 630 1607 681 discipulorum,
1633 638 1720 668 tum

158 707 311 746 civium
335 704 621 747 consensione,
657 712 701 742 ut
734 703 774 741 hi
809 702 908 740 nihil
943 703 1190 740 intentatum
1224 701 1478 752 reliquerint,
1514 714 1597 751 quo
1626 714 1721 739 eum

156 777 313 816 diutius
347 776 387 814 in
420 774 504 814 suis
528 774 751 813 retinerent
785 772 1015 810 moenibus.
1042 772 1097 810 At
1121 786 1219 810 vero
1246 772 1288 809 P.
1323 772 1498 810 Ioannes
1534 770 1722 821 Baptista

160 848 302 891 Ponte,
352 844 589 897 provinciae
637 842 885 882 taurinensis
934 842 1208 893 praepositus,
1254 841 1294 880 in
1328 855 1444 879 suam
1479 841 1594 880 illum
1630 855 1723 891 pro-

157 917 334 957 vinciam
368 914 590 959 revocavit,
626 922 671 952 ut
705 912 897 951 Monoeci
923 913 974 951 ad
998 927 1113 951 oram
1137 912 1314 963 ligurem
1349 912 1529 950 iuniores
1554 912 1721 950 sodales

156 988 344 1027 eiusdem
387 984 626 1037 provinciae
669 984 721 1022 ad
763 984 993 1023 litterarum
1043 984 1303 1022 honestatem
1338 983 1592 1021 informaret.
1632 983 1724 1021 Hos

159 1059 265 1097 inter
296 1056 454 1096 exstitit
486 1055 675 1094 Andreas
710 1054 878 1099 Bonius,
905 1054 1152 1105 praestantis
1176 1053 1331 1105 ingenii
1366 1055 1626 1099 adolescens,
1652 1053 1723 1104 qui

158 1128 427 1180 postmodum
462 1127 604 1166 rhetor
637 1126 990 1177 praeclarissimus
1024 1125 1166 1164 evasit.

243 1200 369 1238 Anno
401 1209 675 1237 MDCCCLXIV
709 1197 910 1235 Baronius
944 1197 1074 1235 Senas
1108 1196 1148 1234 in
1173 1196 1382 1234 Etruriam
1415 1195 1644 1237 contendit.
1682 1203 1723 1234 et

156 1271 197 1309 in
230 1284 348 1309 sacro
380 1269 582 1320 ephebeo,
617 1282 748 1307 annos
787 1267 998 1312 tredecim,
1039 1266 1281 1318 magisterio
1325 1266 1490 1317 pietatis
1531 1275 1571 1305 et
1610 1266 1725 1304 theo-

155 1342 293 1393 logiae
326 1340 590 1392 dogmaticae
623 1347 686 1378 est
718 1339 900 1384 functus,
935 1339 1112 1377 Sanctos
1147 1338 1289 1376 Patres
1312 1346 1375 1376 est
1408 1337 1722 1388 interpretatus,

156 1426 330 1465 graecos
378 1412 602 1463 scriptores
649 1410 867 1455 enarravit,
902 1419 943 1449 et
975 1418 1197 1461 praecepta
1239 1409 1501 1460 eloquentiae
1542 1407 1724 1447 alumnis

160 1497 234 1535 per
266 1483 376 1522 vices
410 1481 592 1521 tradidit.
627 1481 812 1520 Maximo
845 1489 1059 1532 praeterea
1092 1480 1132 1518 in
1166 1480 1288 1518 rebus
1312 1479 1402 1517 aliis
1437 1478 1724 1530 compluribus

158 1554 402 1593 adiumento
435 1553 512 1592 fuit
555 1552 739 1591 Henrico
773 1551 934 1597 Bindio,
969 1551 1143 1603 ephebei
1197 1551 1450 1589 moderatori
1491 1558 1532 1589 et
1581 1558 1727 1601 postea

161 1624 409 1664 Senensium
455 1623 798 1674 Archiepiscopo,
848 1622 970 1674 eique
1017 1631 1101 1661 tam
1134 1636 1253 1661 carus
1287 1621 1456 1668 exstitit,
1493 1635 1622 1672 quam
1657 1620 1727 1672 qui

157 1694 407 1734 carissimus.
444 1694 524 1733 Hic
557 1694 667 1733 enim
710 1693 947 1739 Baronium,
993 1693 1047 1732 ob
1088 1692 1321 1731 doctrinam
1365 1706 1411 1730 ac
1462 1691 1725 1743 prudentiam

158 1766 428 1817 singularem,
463 1765 515 1803 ad
547 1764 765 1804 consilium
789 1764 1030 1814 saepissime
1053 1763 1256 1809 adhibuit,
1292 1763 1467 1814 eiusque
1501 1776 1641 1813 opera,
1673 1763 1725 1801 ad

159 1837 314 1876 clerum
348 1844 388 1875 et
422 1836 625 1887 populum
659 1836 699 1874 in
733 1835 885 1886 pietate
918 1834 1204 1879 excolendum,
1240 1843 1302 1873 est
1335 1848 1447 1872 usus.

248 1907 364 1946 Idem
412 1906 777 1957 Archiepiscopus,
827 1919 1080 1956 quamquam
1128 1904 1243 1944 latini
1292 1904 1496 1943 sermonis
1536 1903 1726 1942 eruditis-

157 1978 288 2017 simus
341 1986 456 2024 erat,
511 1977 626 2029 quod
678 1986 816 2016 tamen
870 1976 1009 2015 multis
1064 1975 1245 2026 negotiis
1298 1974 1608 2019 distinebatur,
1667 1975 1727 2013 lit-

159 2056 268 2088 teras
317 2062 411 2087 suas
458 2048 688 2099 encyclicas
737 2046 917 2086 Baronio
965 2046 1129 2085 tradere
1177 2046 1347 2091 solebat,
1395 2045 1527 2084 latina
1560 2044 1727 2083 civitate

158 2119 386 2158 donandas.
438 2120 526 2157 Has
568 2132 667 2157 vero
716 2118 919 2156 Baronius
967 2125 1081 2156 tanta
1128 2116 1337 2167 elegantia
1385 2116 1629 2159 exornabat,
1680 2123 1726 2154 ut

157 2189 460 2241 ephemerides,
495 2203 601 2240 quae
633 2203 656 2227 a
695 2189 900 2228 Cz'vilz'tczte
936 2188 1144 2227 Catholica
1173 2200 1325 2226 nomen
1350 2195 1605 2229 mutuantur,
1641 2200 1723 2231 eas,

158 2274 242 2300 non
274 2260 400 2299 modo
433 2260 487 2299 ob
520 2259 818 2299 sententiarum
842 2259 1062 2303 delectum,
1097 2258 1171 2296 sed
1195 2257 1319 2297 etiam
1353 2257 1407 2296 ob
1440 2257 1595 2308 eloquii
1630 2271 1723 2308 pro-

157 2331 389 2382 prietatem,
426 2331 603 2370 nitorem
626 2344 672 2369 ac
695 2338 968 2375 venustatem,
999 2328 1052 2367 ad
1084 2328 1243 2367 caelum
1276 2328 1511 2367 extulerint.
1546 2327 1722 2367 Silentio

158 2401 328 2440 demum
362 2415 445 2440 non
478 2401 856 2445 transmittendum,
894 2399 1101 2445 Bindium,
1137 2412 1292 2450 magno
1325 2399 1422 2438 olim
1456 2398 1606 2437 timore
1639 2413 1725 2437 cor-

160 2481 343 2524 reptum,
378 2486 429 2511 ne
463 2472 666 2511 Baronius
715 2486 737 2510 a
784 2471 868 2510 suis
917 2470 1249 2510 moderatoribus
1302 2469 1382 2508 alio
1431 2478 1723 2515 arcesseretur,

159 2544 318 2582 nullum
351 2543 532 2595 lapidem
566 2557 648 2582 non
683 2542 875 2585 movisse,
911 2555 961 2580 ne
995 2555 1058 2580 res
1091 2541 1247 2580 exitum
1280 2541 1473 2587 haberet;
1508 2555 1554 2580 ac
1588 2542 1724 2592 palam

160 2614 394 2665 professum
427 2627 530 2658 esse,
566 2627 621 2659 se,
657 2614 726 2652 ubi
760 2601 865 2664 opus
899 2612 1016 2657 foret,
1055 2612 1275 2651 Summum
1310 2611 1553 2651 Pontificem
1587 2611 1726 2662 appel—

159 2685 353 2724 laturum.
390 2685 469 2723 Per
501 2684 542 2723 id
575 2684 699 2723 etiam
733 2692 910 2734 tempus,
946 2696 1096 2721 munus
1129 2683 1326 2722 historiae
1359 2682 1581 2722 Societatis
1630 2683 1724 2720 Iesu

160 2754 430 2805 supplendae,
465 2769 488 2793 a
522 2754 627 2793 Iulio
651 2754 828 2793 Caesare
851 2753 1038 2792 Cordara
1060 2753 1331 2804 conscriptae,
1371 2752 1553 2792 Baronio
1576 2751 1727 2791 latinae

159 2825 477 2864 consuetudinis
522 2825 787 2876 peritissimO,
833 2838 856 2863 a
891 2825 934 2863 P.
971 2824 1216 2875 Praeposito
1251 2824 1445 2864 Generali
1487 2823 1616 2862 nostri
1653 2824 1729 2862 Or-
