1926 3200
833 275 1094 300 -200—

182 380 266 404 non
291 367 419 405 modo
438 367 620 406 tironum
639 383 749 413 cura,
770 371 845 409 sed
864 369 1103 421 provinciae
1124 383 1286 406 summa
1309 376 1399 407 tuto
1418 376 1562 418 posset
1586 368 1750 405 deman—

180 437 282 475 dari.
318 438 511 488 Quorum
545 440 711 479 tametsi
735 440 1144 489 neutrum-contigit,
1171 448 1309 478 tamen
1343 448 1567 490 utrumque
1600 439 1752 477 referre

178 508 355 559 placuit;
391 511 507 560 quod
540 511 636 550 hinc
659 512 854 551 nimirum
880 512 1112 550 luculenter
1133 520 1319 561 apparet,
1355 519 1554 560 quantam
1580 510 1747 560 Bayma,

177 579 251 629 qui
284 581 654 632 quadragesimum
697 584 845 622 aetatis
887 597 1041 622 annum
1071 582 1140 620 vix
1182 581 1402 632 attigisset.
1438 590 1525 619 tum
1570 581 1748 631 pietatis,

181 658 271 689 tum
315 652 544 702 sapientiae
578 654 820 704 opinionem
854 655 966 705 apud
999 654 1286 692 moderatores
1325 653 1404 690 iam
1448 661 1535 690 tum
1571 652 1657 690 iure
1704 666 1750 690 ac

178 722 335 761 merito
369 724 548 775 adeptus
580 735 703 764 esset.

272 795 467 834 Rectoris
499 796 637 835 officio
671 797 915 835 sexennium
966 797 1219 847 perfunctus,
1270 795 1520 834 Brictinorio
1564 805 1626 834 est
1659 811 1749 847 pro,

177 864 313 904 fectus
346 880 456 905 anno
491 878 782 911 MDCCCLVHI,
808 868 989 919 plurimo
1018 867 1169 906 civium
1193 876 1233 905 et
1256 867 1520 905 alumnorum
1545 882 1746 909 moerore.

179 935 393 976 videbant
410 937 521 976 enim
544 938 709 978 difficile
732 939 961 977 admodum
986 939 1184 984 futurum,
1209 948 1253 976 ut
1277 939 1594 977 moderatorem
1609 939 1748 986 alium,

177 1007 357 1056 perinde
391 1017 517 1060 atque
549 1023 658 1051 eum.
696 1010 938 1061 impigrum,
974 1009 1243 1051 laboriosum,
1269 1009 1596 1060 omnigenarum
1624 1010 1751 1048 scien-

177 1076 330 1116 tiarum
378 1088 419 1118 et
460 1080 625 1126 artium,
671 1090 711 1119 et
756 1080 922 1132 collegii
956 1080 1129 1132 regendi
1170 1080 1348 1130 peritum
1398 1081 1746 1121 nanciscerentur.

180 1149 340 1200 Bayma
373 1151 560 1194 subinde.
596 1152 760 1203 alpibus
794 1151 1012 1202 superatis,
1048 1151 1310 1202 Galliamque
1349 1160 1672 1201 praetervectus,
1708 1153 1747 1191 in

177 1221 377 1273 Angliam
412 1222 584 1264 traiecit.
610 1233 650 1262 et
674 1223 713 1261 in
741 1223 934 1273 Collegio
957 1223 1232 1261 Saxosilvano
1265 1222 1590 1273 philosophiam,
1622 1238 1745 1274 quam

177 1293 422 1332 rationalem
446 1295 670 1345 appellant,
698 1294 890 1333 undecim
914 1294 1042 1332 ferme
1065 1308 1197 1332 annos
1230 1293 1480 1344 explanavit.
1516 1295 1653 1345 Quam
1683 1309 1747 1333 ex-

179 1364 475 1415 planationem.
512 1365 654 1416 paucis
689 1374 784 1416 post
818 1365 947 1407 annis„
994 1364 1125 1403 tribus
1170 1364 1451 1402 voluminibus
1494 1366 1744 1411 conclusam,

180 1435 415 1485 posteritati
454 1436 732 1487 consignavit.
770 1437 921 1486 Neque
954 1436 1032 1474 hoc
1066 1444 1299 1474 contentus.
1347 1428 1453 1485 opus·
1487 1435 1599 1474 aliud
1633 1450 1747 1486 prae„

178 1506 481 1545 stantissimum
515 1508 687 1558 protulit
721 1508 772 1546 de
806 1507 1056 1548 mechanica,
1105 1520 1228 1557 quam
1264 1507 1559 1544 molecularem
1594 1521 1747 1545 nuncu-

178 1591 340 1628 pamus.

267 1649 473 1688 Acerrimi
506 1664 604 1688 sane
637 1650 793 1699 ingenii
828 1649 1039 1700 specimen
1073 1649 1135 1686 his
1168 1649 1366 1699 operibus
1390 1649 1592 1699 praebuit,
1629 1663 1743 1699 prae-

176 1720 319 1759 sertim
360 1720 440 1759 hoc
483 1730 711 1771 postremo,
756 1721 871 1771 quod
914 1721 965 1758 ab
1009 1720 1160 1769 Anglis
1202 1720 1446 1759 doctoribus
1480 1719 1648 1758 maximi
1682 1728 1744 1758 est

177 1790 379 1830 habitum.
417 1792 473 1830 Hi
507 1806 656 1842 nempe
690 1800 785 1830 sunt
818 1791 927 1834 sassi,
964 1792 1163 1842 plurimas
1201 1791 1253 1829 ad
1297 1791 1579 1829 mechanicam
1613 1805 1746 1830 acces-

175 1861 314 1900 siones
337 1876 360 1900 a
385 1863 541 1913 Bayma
574 1872 788 1901 momento
818 1876 908 1901 esse
931 1862 1070 1905 factas,
1097 1876 1200 1912 quas
1234 1862 1359 1900 ceteri
1394 1862 1515 1900 huius
1549 1861 1744 1901 scientiae

176 1932 299 1983 periti
335 1932 403 1971 vix
435 1933 595 1972 diutina
628 1948 832 1972 annorum
867 1933 972 1972 serie
995 1933 1128 1971 facere
1152 1942 1342 1983 possent:
1379 1941 1504 1983 atque
1537 1947 1630 1971 eum
1664 1933 1744 1972 hoc

177 2017 305 2054 opere
338 2004 508 2055 longam
542 2013 721 2043 aetatem
754 2004 1041 2043 antevei-tisse.
1087 2003 1230 2042 Nihilo
1275 2013 1412 2042 tamen
1457 2003 1590 2042 secius
1623 2017 1745 2054 quae-

175 2075 335 2114 stiones
367 2076 597 2127 admodum
632 2075 805 2114 subtiles
850 2075 890 2114 in
923 2090 973 2114 eo
1007 2075 1153 2115 inesse.
1200 2084 1244 2113 ut
1278 2088 1510 2125 perpaucos
1549 2074 1743 2124 reperias,

176 2145 248 2197 qui
292 2146 380 2184 illas
424 2146 591 2196 penitus
634 2155 923 2197 assequantur.
969 2145 1177 2196 Quocirca
1210 2159 1316 2196 opus
1360 2145 1428 2183 vix
1472 2145 1511 2182 in
1555 2144 1745 2183 maximis

175 2216 390 2255 athenaeis
424 2217 677 2259 britannicis,
712 2217 907 2255 nimirum
933 2216 1100 2258 Oxonii,
1128 2215 1373 2264 Edenburgi
1397 2225 1436 2253 et
1470 2214 1742 2265 CantaIJrigii,

174 2301 274 2338 prae
308 2287 500 2326 manibus
533 2288 721 2327 habetur.
758 2289 968 2326 Excusum
1003 2296 1065 2326 est
1098 2287 1137 2325 in
1171 2286 1335 2326 officina
1358 2285 1522 2324 libraria
1555 2285 1745 2324 athenaei

173 2358 536 2409 cantabrigiensis:
580 2359 698 2397 cuius
743 2359 912 2410 insuper
954 2367 1179 2398 curatores.
1221 2357 1397 2408 egregio
1431 2357 1602 2395 honoris
1635 2357 1746 2395 testi-

174 2430 330 2476 monio,
366 2431 547 2480 Baymae
570 2444 742 2481 operam
766 2444 884 2468 suam
908 2430 1051 2469 libenti
1076 2430 1215 2468 animo
1239 2429 1493 2473 obtulerunt,
1518 2428 1551 2466 si
1575 2428 1744 2479 quando

174 2500 384 2552 integrum
418 2516 584 2540 cursum
620 2502 832 2547 mathesis,
867 2501 985 2540 cuius
1029 2509 1188 2551 partem
1224 2500 1303 2538 iam
1338 2499 1667 2550 conscripsisset,
1703 2499 1742 2537 in

174 2572 329 2623 vulgus
362 2573 516 2611 ederet.

263 2643 395 2681 Multa
418 2652 633 2694 praeterea
651 2643 689 2680 in
709 2642 865 2693 Anglia
888 2642 1000 2693 typis
1023 2640 1342 2691 lithographicis
1367 2641 1643 2692 imprimenda
1666 2648 1743 2678 tra-

171 2714 277 2753 didit
302 2714 341 2752 111
365 2728 486 2753 11511111
510 2714 812 2764 discipulorum
831 2728 1016 2758 suorum,
1037 2728 1143 2764 quae
1158 2722 1309 2757 tamen,
1326 2726 1461 2762 neque
1474 2726 1523 2750 eo
1537 2720 1740 2762 tempore,

175 2799 310 2836 neque
344 2786 383 2823 111
407 2795 622 2836 posterum
647 2785 802 2836 publici
828 2785 927 2823 iuris
951 2785 1057 2823 fecit.
1084 2785 1129 2822 In
1154 2784 1217 2822 his
1242 2783 1447 2834 reperitur
1471 2784 1537 2821 illa
1560 2784 1741 2833 Baymae

171 2856 379 2894 sententia
412 2857 464 2895 de
496 2857 662 2894 divinae
707 2855 992 2894 Eucharistiae
1036 2854 1249 2905 mysterio,
1296 2868 1376 2904 qua
1420 2867 1569 2904 nempe
1603 2853 1737 2899 docet,

173 2937 364 2966 naturam
399 2928 517 2978 panis
550 2936 589 2966 et
623 2927 706 2965 vini
743 2928 781 2965 in
817 2927 896 2965 hoc
929 2927 1200 2965 Sacramento
1233 2941 1254 2963 a
1279 2925 1433 2964 Christi
1467 2938 1643 2974 corpore
1676 2937 1740 2961 su-
