1926 3200
902 754 1014 791 XVI.

624 968 988 1017 {OSEPHVS
1048 966 1289 1016 BOERO

183 1373 596 1481 INSUIAE-Boiiae,
649 1371 959 1410 Intemeliorum
1010 1371 1050 1409 in
1098 1371 1270 1422 oppido,
1321 1371 1447 1409 vitain
1493 1371 1581 1409 iniit
1629 1385 1739 1409 anno

282 1454 534 1482 MDCCCXIV.
581 1443 760 1481 Nicaeae
819 1443 871 1480 ad
924 1443 1081 1480 Varum
1143 1442 1183 1480 in
1239 1441 1430 1492 Collegio
1491 1443 1742 1480 Nostrorum

177 1514 322 1553 litteris
356 1513 619 1564 politioribus
642 1512 857 1564 egregiam
882 1526 1053 1563 operam
1077 1512 1203 1551 (ledit.
1231 1512 1417 1550 Eximiae
1451 1512 1613 1558 indolis,
1639 1512 1743 1562 opti-

179 1598 353 1635 maeque
387 1584 474 1635 spei
508 1584 764 1630 adolescens,
799 1598 883 1634 quo
918 1583 1054 1635 magis
1102 1583 1348 1627 aeternitati,
1399 1597 1523 1634 quam
1563 1583 1742 1634 tempori

182 1655 412 1697 inserviret,
462 1663 596 1693 totum
640 1668 683 1692 se
717 1655 809 1692 Deo
843 1654 883 1692 in
917 1663 1059 1693 nostra
1093 1654 1302 1693 Societate
1349 1654 1519 1693 devovit
1568 1655 1742 1700 Romae,

180 1725 326 1764 aetatis
360 1739 457 1763 suae
489 1738 599 1763 anno
633 1724 779 1775 quinto
826 1725 990 1763 decimo
1039 1725 1119 1763 iam
1168 1726 1347 1776 expleto.
1397 1726 1455 1764 At
1487 1739 1599 1771 vero,
1634 1738 1744 1764 anno

176 1797 364 1847 proxime
399 1795 644 1846 insequenti,
680 1795 750 1846 qui
774 1809 907 1833 annus
930 1796 1005 1834 fuit
1030 1807 1306 1834 MDCCCXXXI
1341 1810 1363 1834 a
1396 1804 1517 1846 partu
1539 1795 1740 1847 Virginis,

176 1881 305 1917 quum
338 1866 551 1917 provincia
585 1865 806 1904 Societatis
839 1874 1017 1912 nostrae,
1053 1880 1160 1917 quae
1199 1866 1488 1917 appellabatur
1521 1865 1667 1912 italica,
1703 1865 1743 1904 in

175 1937 278 1975 duas
311 1937 509 1975 distracta
543 1945 663 1982 esset,
699 1936 739 1974 in
774 1937 1009 1975 Romanam
1043 1936 1198 1975 scilicet
1221 1945 1261 1975 et
1285 1936 1325 1975 in
1353 1936 1638 1987 Subalpinam‚
1670 1950 1743 1975 seu

177 2008 491 2053 Taurinensem,
529 2008 685 2046 Boerus
719 2007 758 2045 in
793 2007 899 2045 hanc
936 2016 998 2046 est
1041 2007 1236 2053 adscitus,
1272 2016 1313 2046 et
1346 2007 1543 2046 Cherium
1578 2007 1741 2053 missus,

176 2087 220 2117 ut
254 2078 467 2129 religionis
500 2078 737 2116 tirocinium
771 2078 1006 2116 conficeret.
1042 2078 1139 2129 Quo
1163 2078 1364 2123 confecto,
1403 2078 1552 2116 Isa'i'am
1586 2077 1742 2116 Carmi-

176 2149 333 2188 natium
368 2149 598 2188 litterarum
643 2149 859 2187 doctorem
904 2148 1308 2199 praestantissimum
1350 2148 1449 2187 inibi
1483 2158 1545 2187 est
1578 2157 1742 2195 nactus;

175 2220 291 2258 cuius
324 2221 466 2265 ductu,
502 2233 627 2270 quam
662 2219 864 2258 maximos
898 2220 938 2257 in
971 2219 1167 2270 politiore
1199 2219 1457 2258 humanitate
1491 2233 1741 2270 progressus

176 2291 332 2337 habuit,
368 2300 412 2329 ut
445 2290 813 2329 contubernalibus
861 2291 1066 2341 exemplo,
1117 2291 1377 2341 praeceptori
1411 2305 1510 2329 vero
1544 2304 1626 2329 non
1660 2305 1743 2329 me-

175 2362 305 2400 diocri
339 2370 584 2400 ornamento
618 2361 832 2400 exstiterit.
870 2363 960 2400 Hac
993 2361 1046 2400 de
1069 2375 1191 2400 causa
1225 2361 1434 2400 Antonius
1464 2361 1740 2408 Brescianius,

174 2432 236 2470 vir
268 2431 489 2471 Societatis
513 2440 680 2470 nostrae
703 2431 1040 2477 litteratissimus,
1075 2431 1114 2470 in
1138 2431 1317 2483 dialogis
1341 2432 1601 2483 pereruditis.
1637 2445 1744 2482 quos

174 2503 226 2541 de
260 2503 492 2542 Sardorum
541 2502 728 2541 moribus
778 2501 1011 2553 posteritati
1062 2502 1285 2549 mandavit,
1324 2504 1514 2549 Boerum,
1551 2502 1742 2553 quamvis

175 2572 391 2616 iuniorem,
441 2587 582 2612 secum
631 2581 671 2611 et
719 2586 813 2610 cum
859 2572 1115 2611 Carminatio
1163 2572 1333 2623 copiose
1382 2573 1655 2612 disserentem
1704 2580 1745 2611 et

174 2643 458 2694 disputantem
492 2643 688 2682 inducere
722 2657 806 2681 non
840 2643 1059 2682 dubitavit.

262 2714 474 2753 Tirocinio
507 2714 738 2753 litterarum
772 2714 924 2764 posito,
963 2714 1120 2752 Boerus
1143 2714 1419 2765 philosophos
1453 2714 1615 2753 audivit
1639 2715 1746 2752 Tau·

177 2784 266 2823 rini.
303 2785 512 2836 Deinceps
547 2784 682 2824 Calari
717 2785 756 2822 in
791 2784 980 2823 Sardinia
1015 2799 1100 2823 rem
1135 2785 1463 2835 grammaticam,
1506 2794 1546 2824 et
1587 2785 1744 2824 litteras

175 2854 433 2893 honestiores
456 2855 623 2896 docuit:
648 2864 687 2893 et
711 2854 869 2893 Sassari
895 2855 1040 2893 eadem
1068 2855 1105 2893 in
1132 2855 1264 2894 insula
1289 2855 1539 2895 rhetoricam
1565 2855 1742 2894 subinde
