1926 3200
878 758 1035 795 XXVI.

594 997 940 1046 ALOlslvs
1004 998 1314 1048 CERVTT1

282 1368 467 1396 LToDL'N
477 1369 538 1396 [Ἥ
565 1369 571 1400 1
590 1370 601 1394 1
620 1368 640 1400 ),
662 1370 743 1394 non
763 1356 949 1405 ignobile
968 1356 1246 1394 Taurinorum
1271 1356 1533 1406 ‹j›ppi(lulu1n‚
1559 1354 1734 1405 patriam

299 1427 456 1471 habuit,
481 1441 590 1465 anno
615 1426 841 1465 christiano
867 1437 1158 1465 MDCCCXVIII.
1185 1426 1439 1464 praestantis
1463 1425 1619 1476 ingenii
1643 1425 1737 1462 ado-

172 1499 342 1543 lescens,
377 1506 501 1548 atque
534 1497 585 1535 ad
618 1497 907 1535 honestiorum
951 1496 1180 1535 litterarum
1224 1496 1380 1535 cultum
1420 1496 1642 1547 praecipue
1675 1511 1737 1535 ac-

171 1568 474 1613 commodatus,
494 1569 713 1618 Augustae
736 1568 1030 1613 Taurinorum,
1051 1567 1090 1605 111
1114 1567 1306 1617 collegio,
1331 1567 1395 1606 cui
1420 1581 1571 1606 nomen
1596 1583 1618 1605 a
1640 1568 1735 1606 Car—

172 1640 295 1684 melo,
324 1638 495 1689 optimis
523 1637 866 1689 praeceptoribus
895 1647 957 1677 est
984 1652 1096 1684 usus,
1128 1638 1233 1676 inter
1257 1652 1364 1688 quos
1388 1639 1501 1676 fuere
1524 1638 1735 1676 Antonius

169 1709 419 1761 Angelinius
451 1717 491 1747 et
526 1709 701 1747 Iacobus
735 1708 950 1747 Catolfius.
976 1709 1035 1746 Ea
1073 1716 1335 1759 tempestate.
1367 1716 1481 1747 tanta
1513 1708 1734 1747 Societatis

170 1788 336 1818 nostrae
363 1779 568 1817 ineundae
591 1778 818 1829 cupiditate
837 1778 1041 1829 flagravit,
1061 1787 1105 1817 ut
1123 1792 1254 1817 annos
1278 1778 1575 1829 septemdecim
1600 1779 1735 1817 minor

171 1860 305 1896 natus,
341 1850 539 1890 Cherium
590 1849 629 1887 in
663 1850 836 1887 domum
872 1849 1153 1888 Antonianam
1188 1848 1488 1899 properaverit,
1524 1849 1592 1887 ubi
1626 1863 1735 1888 com-

168 1923 308 1973 plures
341 1936 391 1959 ex
423 1921 512 1959 eius
545 1920 854 1970 condiscipulis,
889 1920 1075 1958 eiusdem
1111 1920 1195 1958 voti
1241 1929 1471 1970 compotes,
1518 1934 1611 1958 eum
1646 1935 1734 1971 per-

167 2002 355 2032 amanter
396 2000 662 2043 exceperunt.
706 1991 827 2030 Iactis
871 1991 1091 2042 religiosae
1130 1991 1396 2042 perfectionis
1439 1991 1730 2038 fundamentis,

167 2064 337 2107 litteras,
373 2078 479 2114 quae
503 2064 553 2101 ab
587 2062 845 2101 humanitate
870 2076 1021 2100 nomen
1045 2061 1273 2104 inveniunt.
1302 2062 1407 2100 duce
1439 2063 1545 2100 Isa'l'a
1579 2062 1733 2100 Carmi-

168 2135 281 2174 natio
315 2135 573 2183 bergomate,
609 2133 750 2183 magni
784 2133 964 2172 nominis
998 2141 1281 2184 praeceptore,
1313 2132 1525 2171 biennium
1560 2133 1732 2183 diligen-

166 2205 326 2244 tissime
361 2204 545 2245 recoluit.
582 2214 626 2243 ut
660 2204 766 2242 111161
798 2204 992 2254 aequales
1026 2204 1204 2242 maxime
1237 2203 1444 2242 enituerit.
1481 2204 1632 2243 Catulli
1666 2218 1732 2242 cu-

166 2276 409 2327 pidissimus
433 2276 520 2321 fuit,
546 2290 726 2326 eumque
762 2275 840 2313 iam
875 2283 962 2313 tum
995 2275 1047 2313 ad
1071 2289 1254 2324 unguem
1280 2275 1496 2325 expressit.
1533 2275 1730 2314 Attamen

165 2346 286 2385 huius
319 2356 466 2396 poetae
508 2345 809 2395 elegantissimi
854 2345 1031 2384 nitorem
1072 2345 1235 2390 referre,
1271 2345 1440 2383 minime
1489 2359 1588 2383 vero
1621 2345 1729 2383 duri-

164 2418 263 2457 tiem
297 2417 456 2460 sectari.
493 2426 697 2468 perpetuo
730 2416 900 2455 studuit.
929 2417 974 2454 In
998 2430 1082 2467 quo
1106 2417 1211 2455 adeo
1237 2416 1424 2467 profecit.
1471 2425 1515 2455 ut
1548 2417 1646 2455 nulli
1680 2417 1731 2455 de

166 2487 532 2527 contubernalibus
566 2487 831 2526 concesserit.

255 2558 443 2597 Subinde
476 2558 646 2596 Taurini
671 2566 711 2596 et
735 2558 907 2596 Genuae
932 2571 1016 2595 rem
1041 2557 1356 2607 grammaticam
1381 2557 1536 2603 docuit;
1562 2566 1603 2596 et
1626 2558 1731 2595 Tau-

168 2629 303 2667 rinum
338 2642 565 2677 regressus,
602 2628 876 2678 philosophos
910 2627 1079 2666 audivit.
1127 2628 1401 2666 Postmodum
1448 2628 1637 2666 Genuam
1673 2642 1731 2666 se-

165 2700 305 2738 cundo
338 2708 400 2737 est
434 2699 596 2743 missus,
633 2707 676 2737 ut
709 2699 865 2737 litteras
891 2698 1106 2749 politiores
1130 2698 1334 2737 traderet:
1369 2712 1453 2748 quo
1488 2698 1526 2736 in
1562 2712 1731 2737 munere

166 2783 296 2821 quum
329 2769 476 2808 ceteris
510 2769 635 2819 longe
669 2768 828 2819 praeire
863 2769 974 2807 visus
998 2777 1119 2810 esset.
1145 2784 1166 2806 a
1202 2769 1245 2807 P.
1271 2768 1458 2807 Antonio
1492 2769 1730 2807 Brescianio

170 2841 410 2892 praeposito
435 2840 690 2891 provinciali,
717 2840 806 2878 viro
830 2840 1140 2882 litteratissimo.
1174 2840 1505 2878 Massam-Ducis
1528 2840 1730 2879 decedere
