<?xml version="1.0" encoding="UTF-8"?>
<!DOCTYPE html PUBLIC "-//W3C//DTD XHTML 1.0 Transitional//EN"
    "http://www.w3.org/TR/xhtml1/DTD/xhtml1-transitional.dtd">
<html xmlns="http://www.w3.org/1999/xhtml" xml:lang="en" lang="en">
 <head>
  <title>
</title>
<meta http-equiv="Content-Type" content="text/html;charset=utf-8" />
  <meta name='ocr-system' content='tesseract 3.04.00' />
  <meta name='ocr-capabilities' content='ocr_page ocr_carea ocr_par ocr_line ocrx_word'/>
</head>
<body>
  <div class='ocr_page' id='page_1' title='image "./declarissodalibu00casa_0100.png"; bbox 0 0 1926 3200; ppageno 0'>
   <div class='ocr_carea' id='block_1_1' title="bbox 825 190 1058 229">
    <p class='ocr_par' dir='ltr' id='par_1_1' title="bbox 825 190 1058 229">
     <span class='ocr_line' id='line_1_1' title="bbox 825 190 1058 229; baseline 0 -22"><span class='ocrx_word' id='word_1_1' title='bbox 825 190 1058 229; x_wconf 71' lang='lat'><strong>-72-</strong></span> 
     </span>
    </p>
   </div>
   <div class='ocr_carea' id='block_1_2' title="bbox 154 283 1741 2900">
    <p class='ocr_par' dir='ltr' id='par_1_2' title="bbox 154 283 1734 1406">
     <span class='ocr_line' id='line_1_2' title="bbox 154 283 1729 337; baseline -0.004 -9"><span class='ocrx_word' id='word_1_2' title='bbox 154 288 325 328; x_wconf 90' lang='lat' dir='ltr'>monitis</span> <span class='ocrx_word' id='word_1_3' title='bbox 359 297 399 327; x_wconf 89' lang='lat' dir='ltr'>et</span> <span class='ocrx_word' id='word_1_4' title='bbox 431 286 615 327; x_wconf 89' lang='lat' dir='ltr'>consiliis</span> <span class='ocrx_word' id='word_1_5' title='bbox 649 300 794 337; x_wconf 91' lang='lat' dir='ltr'>parere</span> <span class='ocrx_word' id='word_1_6' title='bbox 827 284 986 324; x_wconf 88' lang='lat' dir='ltr'>maluit.</span> <span class='ocrx_word' id='word_1_7' title='bbox 1015 285 1174 337; x_wconf 86' lang='lat' dir='ltr'>Itaque,</span> <span class='ocrx_word' id='word_1_8' title='bbox 1200 284 1354 336; x_wconf 90' lang='lat' dir='ltr'>spretis</span> <span class='ocrx_word' id='word_1_9' title='bbox 1391 284 1553 335; x_wconf 89' lang='lat' dir='ltr'>opibus,</span> <span class='ocrx_word' id='word_1_10' title='bbox 1579 283 1729 336; x_wconf 88' lang='lat' dir='ltr'>quibus</span> 
     </span>
     <span class='ocr_line' id='line_1_3' title="bbox 155 354 1729 408; baseline -0.003 -10"><span class='ocrx_word' id='word_1_11' title='bbox 155 359 272 399; x_wconf 89' lang='lat' dir='ltr'>domi</span> <span class='ocrx_word' id='word_1_12' title='bbox 306 358 511 403; x_wconf 84' lang='lat' dir='ltr'>affluebat,</span> <span class='ocrx_word' id='word_1_13' title='bbox 547 366 673 408; x_wconf 89' lang='lat' dir='ltr'>atque</span> <span class='ocrx_word' id='word_1_14' title='bbox 705 356 937 395; x_wconf 80' lang='lat' dir='ltr'>honoribus</span> <span class='ocrx_word' id='word_1_15' title='bbox 971 355 1234 406; x_wconf 59' lang='lat' dir='ltr'>posthabitis</span> <span class='ocrx_word' id='word_1_16' title='bbox 1271 368 1377 406; x_wconf 86' lang='lat' dir='ltr'>quos</span> <span class='ocrx_word' id='word_1_17' title='bbox 1418 354 1584 406; x_wconf 88' lang='lat' dir='ltr'>generis</span> <span class='ocrx_word' id='word_1_18' title='bbox 1617 354 1729 393; x_wconf 88' lang='lat' dir='ltr'>clari-</span> 
     </span>
     <span class='ocr_line' id='line_1_4' title="bbox 156 425 1727 480; baseline -0.003 -12"><span class='ocrx_word' id='word_1_19' title='bbox 156 430 259 469; x_wconf 84' lang='lat' dir='ltr'>tudo</span> <span class='ocrx_word' id='word_1_20' title='bbox 293 429 329 468; x_wconf 91' lang='lat' dir='ltr'>ei</span> <span class='ocrx_word' id='word_1_21' title='bbox 362 428 648 480; x_wconf 81' lang='lat' dir='ltr'>pollicebatur,</span> <span class='ocrx_word' id='word_1_22' title='bbox 684 435 870 466; x_wconf 88' lang='lat' dir='ltr'>nostram</span> <span class='ocrx_word' id='word_1_23' title='bbox 909 425 1165 465; x_wconf 71' lang='lat' dir='ltr'>Societatem</span> <span class='ocrx_word' id='word_1_24' title='bbox 1198 434 1260 464; x_wconf 91' lang='lat' dir='ltr'>est</span> <span class='ocrx_word' id='word_1_25' title='bbox 1294 425 1509 477; x_wconf 90' lang='lat' dir='ltr'>ingressus</span> <span class='ocrx_word' id='word_1_26' title='bbox 1543 425 1727 471; x_wconf 86' lang='lat' dir='ltr'>Genuae,</span> 
     </span>
     <span class='ocr_line' id='line_1_5' title="bbox 154 495 1731 547; baseline -0.003 -8"><span class='ocrx_word' id='word_1_27' title='bbox 154 500 302 540; x_wconf 88' lang='lat' dir='ltr'>aetatis</span> <span class='ocrx_word' id='word_1_28' title='bbox 336 514 434 539; x_wconf 90' lang='lat' dir='ltr'>suae</span> <span class='ocrx_word' id='word_1_29' title='bbox 466 513 575 538; x_wconf 89' lang='lat' dir='ltr'>anno</span> <span class='ocrx_word' id='word_1_30' title='bbox 609 497 936 537; x_wconf 88' lang='lat' dir='ltr'>undevicesimo.</span> <span class='ocrx_word' id='word_1_31' title='bbox 975 497 1042 536; x_wconf 89' lang='lat' dir='ltr'>Ab</span> <span class='ocrx_word' id='word_1_32' title='bbox 1087 496 1187 547; x_wconf 92' lang='lat' dir='ltr'>ipsis</span> <span class='ocrx_word' id='word_1_33' title='bbox 1226 495 1449 547; x_wconf 78' lang='lat' dir='ltr'>religiosae</span> <span class='ocrx_word' id='word_1_34' title='bbox 1482 495 1590 535; x_wconf 85' lang='lat' dir='ltr'>vitae</span> <span class='ocrx_word' id='word_1_35' title='bbox 1623 496 1731 535; x_wconf 89' lang='lat' dir='ltr'>rudi-</span> 
     </span>
     <span class='ocr_line' id='line_1_6' title="bbox 157 567 1729 620; baseline -0.002 -10"><span class='ocrx_word' id='word_1_36' title='bbox 157 571 320 616; x_wconf 79' lang='lat' dir='ltr'>mentis,</span> <span class='ocrx_word' id='word_1_37' title='bbox 357 570 457 609; x_wconf 88' lang='lat' dir='ltr'>nihil</span> <span class='ocrx_word' id='word_1_38' title='bbox 490 570 568 609; x_wconf 90' lang='lat' dir='ltr'>sibi</span> <span class='ocrx_word' id='word_1_39' title='bbox 603 570 643 608; x_wconf 88' lang='lat' dir='ltr'>in</span> <span class='ocrx_word' id='word_1_40' title='bbox 676 569 842 620; x_wconf 90' lang='lat' dir='ltr'>pietatis</span> <span class='ocrx_word' id='word_1_41' title='bbox 866 567 1074 608; x_wconf 88' lang='lat' dir='ltr'>curriculo</span> <span class='ocrx_word' id='word_1_42' title='bbox 1098 568 1151 606; x_wconf 90' lang='lat' dir='ltr'>ad</span> <span class='ocrx_word' id='word_1_43' title='bbox 1174 567 1428 606; x_wconf 84' lang='lat' dir='ltr'>celeritatem</span> <span class='ocrx_word' id='word_1_44' title='bbox 1452 567 1600 618; x_wconf 85' lang='lat' dir='ltr'>reliqui</span> <span class='ocrx_word' id='word_1_45' title='bbox 1622 567 1729 614; x_wconf 88' lang='lat' dir='ltr'>fecit余</span> 
     </span>
     <span class='ocr_line' id='line_1_7' title="bbox 158 638 1732 694; baseline -0.003 -12"><span class='ocrx_word' id='word_1_46' title='bbox 158 657 233 682; x_wconf 91' lang='lat' dir='ltr'>nec</span> <span class='ocrx_word' id='word_1_47' title='bbox 267 641 525 694; x_wconf 86' lang='lat' dir='ltr'>pedetentim</span> <span class='ocrx_word' id='word_1_48' title='bbox 559 650 599 680; x_wconf 92' lang='lat' dir='ltr'>et</span> <span class='ocrx_word' id='word_1_49' title='bbox 632 641 853 693; x_wconf 81' lang='lat' dir='ltr'>gradatim,</span> <span class='ocrx_word' id='word_1_50' title='bbox 899 639 974 679; x_wconf 90' lang='lat' dir='ltr'>sed</span> <span class='ocrx_word' id='word_1_51' title='bbox 1012 639 1138 678; x_wconf 80' lang='lat' dir='ltr'>citato</span> <span class='ocrx_word' id='word_1_52' title='bbox 1171 653 1306 685; x_wconf 85' lang='lat' dir='ltr'>cursu,</span> <span class='ocrx_word' id='word_1_53' title='bbox 1353 638 1534 677; x_wconf 87' lang='lat' dir='ltr'>stadium</span> <span class='ocrx_word' id='word_1_54' title='bbox 1568 638 1732 678; x_wconf 85' lang='lat' dir='ltr'>virtutis</span> 
     </span>
     <span class='ocr_line' id='line_1_8' title="bbox 158 709 1731 757; baseline -0.003 -4"><span class='ocrx_word' id='word_1_55' title='bbox 158 713 295 753; x_wconf 88' lang='lat' dir='ltr'>metiri</span> <span class='ocrx_word' id='word_1_56' title='bbox 330 712 520 752; x_wconf 90' lang='lat' dir='ltr'>instituit.</span> <span class='ocrx_word' id='word_1_57' title='bbox 555 713 665 751; x_wconf 90' lang='lat' dir='ltr'>Tum</span> <span class='ocrx_word' id='word_1_58' title='bbox 699 711 894 757; x_wconf 87' lang='lat' dir='ltr'>minores,</span> <span class='ocrx_word' id='word_1_59' title='bbox 921 719 1010 749; x_wconf 89' lang='lat' dir='ltr'>tum</span> <span class='ocrx_word' id='word_1_60' title='bbox 1035 709 1213 748; x_wconf 88' lang='lat' dir='ltr'>maiores</span> <span class='ocrx_word' id='word_1_61' title='bbox 1237 718 1348 755; x_wconf 90' lang='lat' dir='ltr'>natu,</span> <span class='ocrx_word' id='word_1_62' title='bbox 1384 723 1478 748; x_wconf 90' lang='lat' dir='ltr'>eurn</span> <span class='ocrx_word' id='word_1_63' title='bbox 1512 723 1657 748; x_wconf 89' lang='lat' dir='ltr'>omnes</span> <span class='ocrx_word' id='word_1_64' title='bbox 1680 709 1731 748; x_wconf 89' lang='lat' dir='ltr'>ad</span> 
     </span>
     <span class='ocr_line' id='line_1_9' title="bbox 162 780 1733 834; baseline -0.003 -11"><span class='ocrx_word' id='word_1_65' title='bbox 162 799 291 824; x_wconf 88' lang='lat' dir='ltr'>unum</span> <span class='ocrx_word' id='word_1_66' title='bbox 316 784 590 829; x_wconf 88' lang='lat' dir='ltr'>mirabantur余</span> <span class='ocrx_word' id='word_1_67' title='bbox 615 783 829 834; x_wconf 78' lang='lat' dir='ltr'>Angelum</span> <span class='ocrx_word' id='word_1_68' title='bbox 853 781 1023 821; x_wconf 90' lang='lat' dir='ltr'>nomine</span> <span class='ocrx_word' id='word_1_69' title='bbox 1052 781 1328 832; x_wconf 89' lang='lat' dir='ltr'>adpellabant,</span> <span class='ocrx_word' id='word_1_70' title='bbox 1354 789 1492 831; x_wconf 85' lang='lat' dir='ltr'>atque,</span> <span class='ocrx_word' id='word_1_71' title='bbox 1518 780 1577 819; x_wconf 86' lang='lat' dir='ltr'>uti</span> <span class='ocrx_word' id='word_1_72' title='bbox 1600 794 1733 819; x_wconf 82' lang='lat' dir='ltr'>exem-</span> 
     </span>
     <span class='ocr_line' id='line_1_10' title="bbox 164 851 1731 907; baseline -0.004 -12"><span class='ocrx_word' id='word_1_73' title='bbox 164 857 255 907; x_wconf 89' lang='lat' dir='ltr'>plar</span> <span class='ocrx_word' id='word_1_74' title='bbox 277 856 329 894; x_wconf 90' lang='lat' dir='ltr'>ad</span> <span class='ocrx_word' id='word_1_75' title='bbox 354 855 599 894; x_wconf 89' lang='lat' dir='ltr'>intuendum</span> <span class='ocrx_word' id='word_1_76' title='bbox 622 863 663 893; x_wconf 91' lang='lat' dir='ltr'>et</span> <span class='ocrx_word' id='word_1_77' title='bbox 686 853 946 898; x_wconf 90' lang='lat' dir='ltr'>imitandum,</span> <span class='ocrx_word' id='word_1_78' title='bbox 967 851 1044 891; x_wconf 91' lang='lat' dir='ltr'>sibi</span> <span class='ocrx_word' id='word_1_79' title='bbox 1068 852 1122 891; x_wconf 93' lang='lat' dir='ltr'>ob</span> <span class='ocrx_word' id='word_1_80' title='bbox 1141 851 1283 891; x_wconf 92' lang='lat' dir='ltr'>oculos</span> <span class='ocrx_word' id='word_1_81' title='bbox 1307 851 1531 902; x_wconf 89' lang='lat' dir='ltr'>ponebant.</span> <span class='ocrx_word' id='word_1_82' title='bbox 1558 851 1731 897; x_wconf 86' lang='lat' dir='ltr'>Ibidem,</span> 
     </span>
     <span class='ocr_line' id='line_1_11' title="bbox 159 922 1733 978; baseline -0.004 -11"><span class='ocrx_word' id='word_1_83' title='bbox 159 937 201 967; x_wconf 94' lang='lat' dir='ltr'>et</span> <span class='ocrx_word' id='word_1_84' title='bbox 235 927 508 978; x_wconf 87' lang='lat' dir='ltr'>postmodum</span> <span class='ocrx_word' id='word_1_85' title='bbox 541 925 666 964; x_wconf 88' lang='lat' dir='ltr'>etiam</span> <span class='ocrx_word' id='word_1_86' title='bbox 701 926 875 970; x_wconf 89' lang='lat' dir='ltr'>Romae,</span> <span class='ocrx_word' id='word_1_87' title='bbox 911 923 1072 963; x_wconf 83' lang='lat' dir='ltr'>litteras</span> <span class='ocrx_word' id='word_1_88' title='bbox 1106 922 1395 974; x_wconf 82' lang='lat' dir='ltr'>elegantiores,</span> <span class='ocrx_word' id='word_1_89' title='bbox 1440 936 1486 961; x_wconf 89' lang='lat' dir='ltr'>ac</span> <span class='ocrx_word' id='word_1_90' title='bbox 1520 922 1733 961; x_wconf 86' lang='lat' dir='ltr'>Ferrariae</span> 
     </span>
     <span class='ocr_line' id='line_1_12' title="bbox 162 994 1732 1050; baseline -0.004 -13"><span class='ocrx_word' id='word_1_91' title='bbox 162 998 475 1050; x_wconf 86' lang='lat' dir='ltr'>philosophiam</span> <span class='ocrx_word' id='word_1_92' title='bbox 524 997 710 1036; x_wconf 89' lang='lat' dir='ltr'>recoluit.</span> <span class='ocrx_word' id='word_1_93' title='bbox 762 995 872 1034; x_wconf 89' lang='lat' dir='ltr'>Hinc</span> <span class='ocrx_word' id='word_1_94' title='bbox 923 994 1103 1034; x_wconf 89' lang='lat' dir='ltr'>Calarim</span> <span class='ocrx_word' id='word_1_95' title='bbox 1152 994 1375 1045; x_wconf 87' lang='lat' dir='ltr'>profectus,</span> <span class='ocrx_word' id='word_1_96' title='bbox 1417 994 1732 1045; x_wconf 87' lang='lat' dir='ltr'>grammaticam</span> 
     </span>
     <span class='ocr_line' id='line_1_13' title="bbox 162 1064 1733 1122; baseline -0.004 -13"><span class='ocrx_word' id='word_1_97' title='bbox 162 1069 347 1122; x_wconf 88' lang='lat' dir='ltr'>puerulis</span> <span class='ocrx_word' id='word_1_98' title='bbox 381 1068 629 1120; x_wconf 84' lang='lat' dir='ltr'>explanavit.</span> <span class='ocrx_word' id='word_1_99' title='bbox 666 1068 761 1119; x_wconf 73' lang='lat' dir='ltr'>Qua</span> <span class='ocrx_word' id='word_1_100' title='bbox 794 1067 834 1105; x_wconf 93' lang='lat' dir='ltr'>in</span> <span class='ocrx_word' id='word_1_101' title='bbox 869 1067 982 1112; x_wconf 89' lang='lat' dir='ltr'>urbe,</span> <span class='ocrx_word' id='word_1_102' title='bbox 1019 1066 1073 1105; x_wconf 93' lang='lat' dir='ltr'>ob</span> <span class='ocrx_word' id='word_1_103' title='bbox 1096 1065 1293 1116; x_wconf 86' lang='lat' dir='ltr'>pietatem</span> <span class='ocrx_word' id='word_1_104' title='bbox 1326 1064 1466 1111; x_wconf 88' lang='lat' dir='ltr'>animi,</span> <span class='ocrx_word' id='word_1_105' title='bbox 1500 1073 1626 1115; x_wconf 87' lang='lat' dir='ltr'>atque</span> <span class='ocrx_word' id='word_1_106' title='bbox 1649 1064 1733 1103; x_wconf 90' lang='lat' dir='ltr'>oris</span> 
     </span>
     <span class='ocr_line' id='line_1_14' title="bbox 163 1135 1733 1191; baseline -0.004 -11"><span class='ocrx_word' id='word_1_107' title='bbox 163 1140 414 1180; x_wconf 86' lang='lat' dir='ltr'>modestiam</span> <span class='ocrx_word' id='word_1_108' title='bbox 458 1140 727 1191; x_wconf 84' lang='lat' dir='ltr'>singularem,</span> <span class='ocrx_word' id='word_1_109' title='bbox 762 1138 948 1177; x_wconf 88' lang='lat' dir='ltr'>Aloisius</span> <span class='ocrx_word' id='word_1_110' title='bbox 983 1138 1186 1188; x_wconf 85' lang='lat' dir='ltr'>Gonzaga</span> <span class='ocrx_word' id='word_1_111' title='bbox 1219 1135 1375 1187; x_wconf 89' lang='lat' dir='ltr'>passim</span> <span class='ocrx_word' id='word_1_112' title='bbox 1408 1135 1638 1186; x_wconf 87' lang='lat' dir='ltr'>nuncupari</span> <span class='ocrx_word' id='word_1_113' title='bbox 1672 1144 1733 1174; x_wconf 90' lang='lat' dir='ltr'>est</span> 
     </span>
     <span class='ocr_line' id='line_1_15' title="bbox 161 1206 1734 1263; baseline -0.004 -12"><span class='ocrx_word' id='word_1_114' title='bbox 161 1221 351 1263; x_wconf 92' lang='lat' dir='ltr'>coeptus.</span> <span class='ocrx_word' id='word_1_115' title='bbox 387 1210 648 1251; x_wconf 81' lang='lat' dir='ltr'>Gravissimo</span> <span class='ocrx_word' id='word_1_116' title='bbox 681 1217 863 1249; x_wconf 84' lang='lat' dir='ltr'>tentatus</span> <span class='ocrx_word' id='word_1_117' title='bbox 897 1209 1059 1254; x_wconf 86' lang='lat' dir='ltr'>morbo,</span> <span class='ocrx_word' id='word_1_118' title='bbox 1095 1208 1210 1259; x_wconf 90' lang='lat' dir='ltr'>quod</span> <span class='ocrx_word' id='word_1_119' title='bbox 1248 1216 1406 1258; x_wconf 88' lang='lat' dir='ltr'>postea,</span> <span class='ocrx_word' id='word_1_120' title='bbox 1442 1206 1607 1245; x_wconf 89' lang='lat' dir='ltr'>tametsi</span> <span class='ocrx_word' id='word_1_121' title='bbox 1641 1220 1734 1245; x_wconf 88' lang='lat' dir='ltr'>con-</span> 
     </span>
     <span class='ocr_line' id='line_1_16' title="bbox 164 1278 1734 1329; baseline -0.004 -7"><span class='ocrx_word' id='word_1_122' title='bbox 164 1284 361 1329; x_wconf 81' lang='lat' dir='ltr'>valuerat,</span> <span class='ocrx_word' id='word_1_123' title='bbox 397 1282 511 1321; x_wconf 90' lang='lat' dir='ltr'>tenui</span> <span class='ocrx_word' id='word_1_124' title='bbox 544 1281 783 1321; x_wconf 87' lang='lat' dir='ltr'>valetudine</span> <span class='ocrx_word' id='word_1_125' title='bbox 822 1280 1028 1325; x_wconf 87' lang='lat' dir='ltr'>utebatur,</span> <span class='ocrx_word' id='word_1_126' title='bbox 1076 1293 1207 1318; x_wconf 92' lang='lat' dir='ltr'>annos</span> <span class='ocrx_word' id='word_1_127' title='bbox 1241 1278 1412 1317; x_wconf 89' lang='lat' dir='ltr'>omnino</span> <span class='ocrx_word' id='word_1_128' title='bbox 1455 1278 1562 1316; x_wconf 90' lang='lat' dir='ltr'>duos</span> <span class='ocrx_word' id='word_1_129' title='bbox 1596 1291 1734 1316; x_wconf 90' lang='lat' dir='ltr'>sacrae</span> 
     </span>
     <span class='ocr_line' id='line_1_17' title="bbox 163 1348 1496 1406; baseline -0.005 -13"><span class='ocrx_word' id='word_1_130' title='bbox 163 1354 405 1406; x_wconf 86' lang='lat' dir='ltr'>theologiae</span> <span class='ocrx_word' id='word_1_131' title='bbox 438 1353 612 1400; x_wconf 84' lang='lat' dir='ltr'>vacavit,</span> <span class='ocrx_word' id='word_1_132' title='bbox 648 1361 688 1392; x_wconf 91' lang='lat' dir='ltr'>et</span> <span class='ocrx_word' id='word_1_133' title='bbox 721 1350 958 1391; x_wconf 90' lang='lat' dir='ltr'>sacerdotio</span> <span class='ocrx_word' id='word_1_134' title='bbox 991 1364 1170 1402; x_wconf 88' lang='lat' dir='ltr'>propere</span> <span class='ocrx_word' id='word_1_135' title='bbox 1203 1358 1265 1388; x_wconf 87' lang='lat' dir='ltr'>est</span> <span class='ocrx_word' id='word_1_136' title='bbox 1298 1348 1496 1388; x_wconf 87' lang='lat' dir='ltr'>initiatus.</span> 
     </span>
    </p>

    <p class='ocr_par' dir='ltr' id='par_1_3' title="bbox 166 1419 1738 2106">
     <span class='ocr_line' id='line_1_18' title="bbox 258 1419 1737 1475; baseline -0.005 -11"><span class='ocrx_word' id='word_1_137' title='bbox 258 1426 432 1464; x_wconf 90' lang='lat' dir='ltr'>Postero</span> <span class='ocrx_word' id='word_1_138' title='bbox 466 1433 668 1475; x_wconf 87' lang='lat' dir='ltr'>tempore,</span> <span class='ocrx_word' id='word_1_139' title='bbox 704 1423 830 1462; x_wconf 88' lang='lat' dir='ltr'>sacris</span> <span class='ocrx_word' id='word_1_140' title='bbox 864 1421 1136 1462; x_wconf 89' lang='lat' dir='ltr'>concionibus</span> <span class='ocrx_word' id='word_1_141' title='bbox 1160 1420 1326 1460; x_wconf 90' lang='lat' dir='ltr'>vicatim</span> <span class='ocrx_word' id='word_1_142' title='bbox 1357 1419 1560 1458; x_wconf 86' lang='lat' dir='ltr'>habendis</span> <span class='ocrx_word' id='word_1_143' title='bbox 1593 1433 1637 1458; x_wconf 86' lang='lat' dir='ltr'>se</span> <span class='ocrx_word' id='word_1_144' title='bbox 1670 1433 1737 1470; x_wconf 89' lang='lat' dir='ltr'>pe-</span> 
     </span>
     <span class='ocr_line' id='line_1_19' title="bbox 166 1490 1735 1544; baseline -0.005 -8"><span class='ocrx_word' id='word_1_145' title='bbox 166 1497 278 1536; x_wconf 92' lang='lat' dir='ltr'>nitus</span> <span class='ocrx_word' id='word_1_146' title='bbox 302 1496 485 1536; x_wconf 86' lang='lat' dir='ltr'>devovit.</span> <span class='ocrx_word' id='word_1_147' title='bbox 512 1495 737 1541; x_wconf 84' lang='lat' dir='ltr'>Ferrariae,</span> <span class='ocrx_word' id='word_1_148' title='bbox 764 1495 937 1534; x_wconf 87' lang='lat' dir='ltr'>Genuae</span> <span class='ocrx_word' id='word_1_149' title='bbox 961 1502 1002 1532; x_wconf 91' lang='lat' dir='ltr'>et</span> <span class='ocrx_word' id='word_1_150' title='bbox 1026 1493 1131 1532; x_wconf 88' lang='lat' dir='ltr'>Iriae</span> <span class='ocrx_word' id='word_1_151' title='bbox 1155 1492 1288 1544; x_wconf 90' lang='lat' dir='ltr'>prima</span> <span class='ocrx_word' id='word_1_152' title='bbox 1323 1491 1362 1530; x_wconf 92' lang='lat' dir='ltr'>in</span> <span class='ocrx_word' id='word_1_153' title='bbox 1397 1492 1476 1530; x_wconf 94' lang='lat' dir='ltr'>hoc</span> <span class='ocrx_word' id='word_1_154' title='bbox 1498 1490 1735 1530; x_wconf 87' lang='lat' dir='ltr'>divinorum</span> 
     </span>
     <span class='ocr_line' id='line_1_20' title="bbox 167 1561 1737 1616; baseline -0.005 -9"><span class='ocrx_word' id='word_1_155' title='bbox 167 1568 356 1608; x_wconf 90' lang='lat' dir='ltr'>omnium</span> <span class='ocrx_word' id='word_1_156' title='bbox 390 1567 653 1607; x_wconf 77' lang='lat' dir='ltr'>divinissimo</span> <span class='ocrx_word' id='word_1_157' title='bbox 687 1579 859 1605; x_wconf 90' lang='lat' dir='ltr'>munere</span> <span class='ocrx_word' id='word_1_158' title='bbox 892 1564 1121 1616; x_wconf 90' lang='lat' dir='ltr'>specimina</span> <span class='ocrx_word' id='word_1_159' title='bbox 1154 1562 1354 1602; x_wconf 81' lang='lat' dir='ltr'>exhibuit.</span> <span class='ocrx_word' id='word_1_160' title='bbox 1386 1563 1434 1601; x_wconf 88' lang='lat' dir='ltr'>Id</span> <span class='ocrx_word' id='word_1_161' title='bbox 1459 1562 1630 1602; x_wconf 87' lang='lat' dir='ltr'>Genuae</span> <span class='ocrx_word' id='word_1_162' title='bbox 1662 1561 1737 1600; x_wconf 84' lang='lat' dir='ltr'>fuit</span> 
     </span>
     <span class='ocr_line' id='line_1_21' title="bbox 166 1632 1736 1691; baseline -0.006 -12"><span class='ocrx_word' id='word_1_163' title='bbox 166 1639 469 1691; x_wconf 85' lang='lat' dir='ltr'>praestabilius.</span> <span class='ocrx_word' id='word_1_164' title='bbox 506 1637 680 1677; x_wconf 87' lang='lat' dir='ltr'>Homini</span> <span class='ocrx_word' id='word_1_165' title='bbox 714 1651 849 1688; x_wconf 91' lang='lat' dir='ltr'>poena</span> <span class='ocrx_word' id='word_1_166' title='bbox 881 1635 1048 1687; x_wconf 90' lang='lat' dir='ltr'>capitali</span> <span class='ocrx_word' id='word_1_167' title='bbox 1081 1635 1292 1680; x_wconf 87' lang='lat' dir='ltr'>damnato,</span> <span class='ocrx_word' id='word_1_168' title='bbox 1329 1633 1400 1684; x_wconf 84' lang='lat' dir='ltr'>qui</span> <span class='ocrx_word' id='word_1_169' title='bbox 1434 1632 1623 1684; x_wconf 88' lang='lat' dir='ltr'>plurimis</span> <span class='ocrx_word' id='word_1_170' title='bbox 1658 1632 1736 1670; x_wconf 91' lang='lat' dir='ltr'>Dei</span> 
     </span>
     <span class='ocr_line' id='line_1_22' title="bbox 169 1703 1736 1757; baseline -0.006 -7"><span class='ocrx_word' id='word_1_171' title='bbox 169 1710 368 1750; x_wconf 87' lang='lat' dir='ltr'>ministris</span> <span class='ocrx_word' id='word_1_172' title='bbox 401 1709 815 1754; x_wconf 86' lang='lat' dir='ltr'>circumsistentibus,</span> <span class='ocrx_word' id='word_1_173' title='bbox 851 1722 896 1747; x_wconf 86' lang='lat' dir='ltr'>ac</span> <span class='ocrx_word' id='word_1_174' title='bbox 930 1708 1081 1746; x_wconf 86' lang='lat' dir='ltr'>frustra</span> <span class='ocrx_word' id='word_1_175' title='bbox 1105 1705 1363 1757; x_wconf 85' lang='lat' dir='ltr'>rogantibus,</span> <span class='ocrx_word' id='word_1_176' title='bbox 1399 1704 1539 1744; x_wconf 91' lang='lat' dir='ltr'>delicti</span> <span class='ocrx_word' id='word_1_177' title='bbox 1572 1703 1736 1743; x_wconf 87' lang='lat' dir='ltr'>veniam</span> 
     </span>
     <span class='ocr_line' id='line_1_23' title="bbox 166 1775 1735 1832; baseline -0.005 -11"><span class='ocrx_word' id='word_1_178' title='bbox 166 1797 191 1821; x_wconf 88' lang='lat' dir='ltr'>a</span> <span class='ocrx_word' id='word_1_179' title='bbox 225 1783 317 1821; x_wconf 91' lang='lat' dir='ltr'>Deo</span> <span class='ocrx_word' id='word_1_180' title='bbox 340 1795 565 1832; x_wconf 80' lang='lat' dir='ltr'>exposcere</span> <span class='ocrx_word' id='word_1_181' title='bbox 588 1779 918 1832; x_wconf 86' lang='lat' dir='ltr'>pertinacissime</span> <span class='ocrx_word' id='word_1_182' title='bbox 941 1778 1168 1823; x_wconf 85' lang='lat' dir='ltr'>recusabat,</span> <span class='ocrx_word' id='word_1_183' title='bbox 1195 1776 1446 1816; x_wconf 88' lang='lat' dir='ltr'>Torniellius</span> <span class='ocrx_word' id='word_1_184' title='bbox 1469 1776 1522 1814; x_wconf 88' lang='lat' dir='ltr'>ad</span> <span class='ocrx_word' id='word_1_185' title='bbox 1545 1775 1735 1814; x_wconf 88' lang='lat' dir='ltr'>ultimum</span> 
     </span>
     <span class='ocr_line' id='line_1_24' title="bbox 167 1846 1737 1903; baseline -0.005 -11"><span class='ocrx_word' id='word_1_186' title='bbox 167 1853 360 1899; x_wconf 88' lang='lat' dir='ltr'>occurrit,</span> <span class='ocrx_word' id='word_1_187' title='bbox 397 1852 604 1903; x_wconf 86' lang='lat' dir='ltr'>Deiparae</span> <span class='ocrx_word' id='word_1_188' title='bbox 637 1851 817 1903; x_wconf 83' lang='lat' dir='ltr'>effigiem</span> <span class='ocrx_word' id='word_1_189' title='bbox 862 1859 958 1889; x_wconf 90' lang='lat' dir='ltr'>ante</span> <span class='ocrx_word' id='word_1_190' title='bbox 1003 1850 1146 1889; x_wconf 91' lang='lat' dir='ltr'>oculos</span> <span class='ocrx_word' id='word_1_191' title='bbox 1190 1847 1356 1894; x_wconf 87' lang='lat' dir='ltr'>statuit余</span> <span class='ocrx_word' id='word_1_192' title='bbox 1392 1846 1534 1898; x_wconf 89' lang='lat' dir='ltr'>paucis</span> <span class='ocrx_word' id='word_1_193' title='bbox 1567 1846 1619 1885; x_wconf 88' lang='lat' dir='ltr'>ad</span> <span class='ocrx_word' id='word_1_194' title='bbox 1652 1859 1737 1884; x_wconf 89' lang='lat' dir='ltr'>rem</span> 
     </span>
     <span class='ocr_line' id='line_1_25' title="bbox 166 1917 1738 1974; baseline -0.006 -10"><span class='ocrx_word' id='word_1_195' title='bbox 166 1925 351 1970; x_wconf 84' lang='lat' dir='ltr'>adiectis,</span> <span class='ocrx_word' id='word_1_196' title='bbox 388 1933 431 1963; x_wconf 93' lang='lat' dir='ltr'>ut</span> <span class='ocrx_word' id='word_1_197' title='bbox 474 1923 569 1962; x_wconf 84' lang='lat' dir='ltr'>facti</span> <span class='ocrx_word' id='word_1_198' title='bbox 613 1923 832 1974; x_wconf 90' lang='lat' dir='ltr'>poenitens</span> <span class='ocrx_word' id='word_1_199' title='bbox 876 1921 1002 1960; x_wconf 89' lang='lat' dir='ltr'>animi</span> <span class='ocrx_word' id='word_1_200' title='bbox 1047 1920 1192 1959; x_wconf 87' lang='lat' dir='ltr'>sordes</span> <span class='ocrx_word' id='word_1_201' title='bbox 1226 1919 1266 1957; x_wconf 94' lang='lat' dir='ltr'>in</span> <span class='ocrx_word' id='word_1_202' title='bbox 1300 1933 1418 1957; x_wconf 89' lang='lat' dir='ltr'>sacro</span> <span class='ocrx_word' id='word_1_203' title='bbox 1453 1917 1738 1957; x_wconf 86' lang='lat' dir='ltr'>Poenitentiae</span> 
     </span>
     <span class='ocr_line' id='line_1_26' title="bbox 168 1988 1738 2044; baseline -0.005 -10"><span class='ocrx_word' id='word_1_204' title='bbox 168 1996 334 2034; x_wconf 73' lang='lat' dir='ltr'>lavacro</span> <span class='ocrx_word' id='word_1_205' title='bbox 368 1996 566 2041; x_wconf 82' lang='lat' dir='ltr'>ablueret,</span> <span class='ocrx_word' id='word_1_206' title='bbox 616 1994 732 2032; x_wconf 85' lang='lat' dir='ltr'>facile</span> <span class='ocrx_word' id='word_1_207' title='bbox 781 1992 999 2044; x_wconf 82' lang='lat' dir='ltr'>persuasit,</span> <span class='ocrx_word' id='word_1_208' title='bbox 1050 2005 1230 2042; x_wconf 88' lang='lat' dir='ltr'>eumque</span> <span class='ocrx_word' id='word_1_209' title='bbox 1265 1991 1357 2029; x_wconf 91' lang='lat' dir='ltr'>Deo</span> <span class='ocrx_word' id='word_1_210' title='bbox 1397 1988 1584 2029; x_wconf 87' lang='lat' dir='ltr'>Creatori</span> <span class='ocrx_word' id='word_1_211' title='bbox 1618 1988 1738 2039; x_wconf 85' lang='lat' dir='ltr'>plane</span> 
     </span>
     <span class='ocr_line' id='line_1_27' title="bbox 170 2066 423 2106; baseline -0.008 0"><span class='ocrx_word' id='word_1_212' title='bbox 170 2066 423 2106; x_wconf 82' lang='lat' dir='ltr'>conciliavit.</span> 
     </span>
    </p>

    <p class='ocr_par' dir='ltr' id='par_1_4' title="bbox 168 2129 1741 2900">
     <span class='ocr_line' id='line_1_28' title="bbox 260 2129 1739 2186; baseline -0.007 -9"><span class='ocrx_word' id='word_1_213' title='bbox 260 2139 306 2177; x_wconf 93' lang='lat' dir='ltr'>In</span> <span class='ocrx_word' id='word_1_214' title='bbox 341 2138 473 2176; x_wconf 87' lang='lat' dir='ltr'>insula</span> <span class='ocrx_word' id='word_1_215' title='bbox 507 2136 709 2181; x_wconf 79' lang='lat' dir='ltr'>Sardinia,</span> <span class='ocrx_word' id='word_1_216' title='bbox 736 2136 776 2174; x_wconf 90' lang='lat' dir='ltr'>in</span> <span class='ocrx_word' id='word_1_217' title='bbox 810 2149 934 2186; x_wconf 89' lang='lat' dir='ltr'>quam</span> <span class='ocrx_word' id='word_1_218' title='bbox 959 2135 1096 2173; x_wconf 87' lang='lat' dir='ltr'>denuo</span> <span class='ocrx_word' id='word_1_219' title='bbox 1122 2133 1349 2178; x_wconf 88' lang='lat' dir='ltr'>traiecerat,</span> <span class='ocrx_word' id='word_1_220' title='bbox 1375 2131 1566 2170; x_wconf 89' lang='lat' dir='ltr'>uberiora</span> <span class='ocrx_word' id='word_1_221' title='bbox 1598 2129 1739 2169; x_wconf 92' lang='lat' dir='ltr'>clario-</span> 
     </span>
     <span class='ocr_line' id='line_1_29' title="bbox 170 2200 1738 2261; baseline -0.007 -12"><span class='ocrx_word' id='word_1_222' title='bbox 170 2224 298 2261; x_wconf 86' lang='lat' dir='ltr'>raque</span> <span class='ocrx_word' id='word_1_223' title='bbox 317 2208 482 2260; x_wconf 88' lang='lat' dir='ltr'>pietatis</span> <span class='ocrx_word' id='word_1_224' title='bbox 506 2216 777 2247; x_wconf 88' lang='lat' dir='ltr'>monumenta</span> <span class='ocrx_word' id='word_1_225' title='bbox 795 2205 974 2257; x_wconf 87' lang='lat' dir='ltr'>reliquit.</span> <span class='ocrx_word' id='word_1_226' title='bbox 996 2206 1054 2245; x_wconf 93' lang='lat' dir='ltr'>Ut</span> <span class='ocrx_word' id='word_1_227' title='bbox 1073 2205 1254 2256; x_wconf 88' lang='lat' dir='ltr'>primum</span> <span class='ocrx_word' id='word_1_228' title='bbox 1274 2203 1314 2242; x_wconf 93' lang='lat' dir='ltr'>in</span> <span class='ocrx_word' id='word_1_229' title='bbox 1334 2202 1545 2254; x_wconf 88' lang='lat' dir='ltr'>publicum</span> <span class='ocrx_word' id='word_1_230' title='bbox 1570 2200 1738 2251; x_wconf 87' lang='lat' dir='ltr'>prodiit,</span> 
     </span>
     <span class='ocr_line' id='line_1_30' title="bbox 170 2271 1738 2324; baseline -0.007 -5"><span class='ocrx_word' id='word_1_231' title='bbox 170 2295 254 2320; x_wconf 91' lang='lat' dir='ltr'>non</span> <span class='ocrx_word' id='word_1_232' title='bbox 289 2281 368 2319; x_wconf 88' lang='lat' dir='ltr'>iam</span> <span class='ocrx_word' id='word_1_233' title='bbox 405 2280 525 2318; x_wconf 86' lang='lat' dir='ltr'>Pater</span> <span class='ocrx_word' id='word_1_234' title='bbox 559 2278 823 2323; x_wconf 89' lang='lat' dir='ltr'>Torniellius,</span> <span class='ocrx_word' id='word_1_235' title='bbox 869 2278 943 2316; x_wconf 91' lang='lat' dir='ltr'>sed</span> <span class='ocrx_word' id='word_1_236' title='bbox 989 2277 1110 2314; x_wconf 89' lang='lat' dir='ltr'>Pater</span> <span class='ocrx_word' id='word_1_237' title='bbox 1149 2276 1325 2314; x_wconf 83' lang='lat' dir='ltr'>Sanctus</span> <span class='ocrx_word' id='word_1_238' title='bbox 1369 2273 1497 2324; x_wconf 84' lang='lat' dir='ltr'>vulgo</span> <span class='ocrx_word' id='word_1_239' title='bbox 1541 2271 1738 2322; x_wconf 89' lang='lat' dir='ltr'>appellari</span> 
     </span>
     <span class='ocr_line' id='line_1_31' title="bbox 169 2345 1739 2403; baseline -0.007 -12"><span class='ocrx_word' id='word_1_240' title='bbox 169 2352 321 2403; x_wconf 90' lang='lat' dir='ltr'>coepit.</span> <span class='ocrx_word' id='word_1_241' title='bbox 357 2352 465 2390; x_wconf 88' lang='lat' dir='ltr'>Nam</span> <span class='ocrx_word' id='word_1_242' title='bbox 509 2350 652 2389; x_wconf 82' lang='lat' dir='ltr'>divino</span> <span class='ocrx_word' id='word_1_243' title='bbox 697 2349 866 2388; x_wconf 89' lang='lat' dir='ltr'>numine</span> <span class='ocrx_word' id='word_1_244' title='bbox 909 2348 1083 2391; x_wconf 79' lang='lat' dir='ltr'>afflatus,</span> <span class='ocrx_word' id='word_1_245' title='bbox 1129 2361 1175 2385; x_wconf 89' lang='lat' dir='ltr'>ac</span> <span class='ocrx_word' id='word_1_246' title='bbox 1215 2359 1345 2397; x_wconf 90' lang='lat' dir='ltr'>paene</span> <span class='ocrx_word' id='word_1_247' title='bbox 1378 2345 1587 2394; x_wconf 88' lang='lat' dir='ltr'>abreptus,</span> <span class='ocrx_word' id='word_1_248' title='bbox 1623 2351 1739 2381; x_wconf 85' lang='lat' dir='ltr'>tanto</span> 
     </span>
     <span class='ocr_line' id='line_1_32' title="bbox 169 2414 1740 2467; baseline -0.007 -6"><span class='ocrx_word' id='word_1_249' title='bbox 169 2422 309 2466; x_wconf 86' lang='lat' dir='ltr'>animi,</span> <span class='ocrx_word' id='word_1_250' title='bbox 345 2423 494 2467; x_wconf 78' lang='lat' dir='ltr'>vultus,</span> <span class='ocrx_word' id='word_1_251' title='bbox 531 2435 577 2460; x_wconf 86' lang='lat' dir='ltr'>ac</span> <span class='ocrx_word' id='word_1_252' title='bbox 610 2420 724 2459; x_wconf 87' lang='lat' dir='ltr'>vocis</span> <span class='ocrx_word' id='word_1_253' title='bbox 767 2420 928 2465; x_wconf 86' lang='lat' dir='ltr'>ardore,</span> <span class='ocrx_word' id='word_1_254' title='bbox 965 2417 1275 2457; x_wconf 87' lang='lat' dir='ltr'>multitudinem</span> <span class='ocrx_word' id='word_1_255' title='bbox 1319 2415 1655 2454; x_wconf 87' lang='lat' dir='ltr'>circumstantem</span> <span class='ocrx_word' id='word_1_256' title='bbox 1689 2414 1740 2451; x_wconf 90' lang='lat' dir='ltr'>al-</span> 
     </span>
     <span class='ocr_line' id='line_1_33' title="bbox 171 2485 1738 2545; baseline -0.007 -12"><span class='ocrx_word' id='word_1_257' title='bbox 171 2495 432 2545; x_wconf 81' lang='lat' dir='ltr'>loquebatur,</span> <span class='ocrx_word' id='word_1_258' title='bbox 468 2502 512 2532; x_wconf 92' lang='lat' dir='ltr'>ut</span> <span class='ocrx_word' id='word_1_259' title='bbox 546 2493 658 2531; x_wconf 84' lang='lat' dir='ltr'>illum</span> <span class='ocrx_word' id='word_1_260' title='bbox 683 2492 819 2531; x_wconf 89' lang='lat' dir='ltr'>cuncti</span> <span class='ocrx_word' id='word_1_261' title='bbox 853 2506 876 2530; x_wconf 90' lang='lat' dir='ltr'>a</span> <span class='ocrx_word' id='word_1_262' title='bbox 909 2490 1116 2529; x_wconf 89' lang='lat' dir='ltr'>sideribus</span> <span class='ocrx_word' id='word_1_263' title='bbox 1146 2489 1251 2527; x_wconf 90' lang='lat' dir='ltr'>inter</span> <span class='ocrx_word' id='word_1_264' title='bbox 1285 2486 1480 2526; x_wconf 89' lang='lat' dir='ltr'>mortales</span> <span class='ocrx_word' id='word_1_265' title='bbox 1513 2485 1738 2524; x_wconf 86' lang='lat' dir='ltr'>demissum</span> 
     </span>
     <span class='ocr_line' id='line_1_34' title="bbox 169 2555 1741 2615; baseline -0.007 -11"><span class='ocrx_word' id='word_1_266' title='bbox 169 2566 481 2607; x_wconf 76' lang='lat' dir='ltr'>arbitrarentur,</span> <span class='ocrx_word' id='word_1_267' title='bbox 532 2578 616 2615; x_wconf 82' lang='lat' dir='ltr'>quo</span> <span class='ocrx_word' id='word_1_268' title='bbox 664 2578 736 2603; x_wconf 90' lang='lat' dir='ltr'>eos</span> <span class='ocrx_word' id='word_1_269' title='bbox 785 2578 807 2602; x_wconf 92' lang='lat' dir='ltr'>a</span> <span class='ocrx_word' id='word_1_270' title='bbox 840 2562 950 2601; x_wconf 82' lang='lat' dir='ltr'>vitiis</span> <span class='ocrx_word' id='word_1_271' title='bbox 994 2561 1268 2605; x_wconf 87' lang='lat' dir='ltr'>abstraheret,</span> <span class='ocrx_word' id='word_1_272' title='bbox 1320 2567 1444 2608; x_wconf 84' lang='lat' dir='ltr'>atque</span> <span class='ocrx_word' id='word_1_273' title='bbox 1492 2557 1545 2595; x_wconf 89' lang='lat' dir='ltr'>ad</span> <span class='ocrx_word' id='word_1_274' title='bbox 1593 2555 1741 2606; x_wconf 90' lang='lat' dir='ltr'>sempi-</span> 
     </span>
     <span class='ocr_line' id='line_1_35' title="bbox 170 2627 1739 2679; baseline -0.007 -4"><span class='ocrx_word' id='word_1_275' title='bbox 170 2646 313 2676; x_wconf 86' lang='lat' dir='ltr'>ternae</span> <span class='ocrx_word' id='word_1_276' title='bbox 368 2636 510 2675; x_wconf 89' lang='lat' dir='ltr'>salutis</span> <span class='ocrx_word' id='word_1_277' title='bbox 565 2635 641 2674; x_wconf 89' lang='lat' dir='ltr'>iter</span> <span class='ocrx_word' id='word_1_278' title='bbox 694 2642 941 2679; x_wconf 78' lang='lat' dir='ltr'>revocatos,</span> <span class='ocrx_word' id='word_1_279' title='bbox 998 2641 1109 2671; x_wconf 87' lang='lat' dir='ltr'>recta</span> <span class='ocrx_word' id='word_1_280' title='bbox 1161 2631 1214 2670; x_wconf 90' lang='lat' dir='ltr'>ad</span> <span class='ocrx_word' id='word_1_281' title='bbox 1267 2629 1429 2668; x_wconf 88' lang='lat' dir='ltr'>coelum</span> <span class='ocrx_word' id='word_1_282' title='bbox 1484 2627 1739 2679; x_wconf 83' lang='lat' dir='ltr'>perduceret.</span> 
     </span>
     <span class='ocr_line' id='line_1_36' title="bbox 171 2697 1740 2758; baseline -0.008 -12"><span class='ocrx_word' id='word_1_283' title='bbox 171 2709 317 2758; x_wconf 84' lang='lat' dir='ltr'>Itaque</span> <span class='ocrx_word' id='word_1_284' title='bbox 352 2721 474 2745; x_wconf 88' lang='lat' dir='ltr'>nemo</span> <span class='ocrx_word' id='word_1_285' title='bbox 512 2715 610 2749; x_wconf 80' lang='lat' dir='ltr'>erat,</span> <span class='ocrx_word' id='word_1_286' title='bbox 657 2706 769 2757; x_wconf 73' lang='lat' dir='ltr'>quin,</span> <span class='ocrx_word' id='word_1_287' title='bbox 806 2719 855 2743; x_wconf 84' lang='lat' dir='ltr'>eo</span> <span class='ocrx_word' id='word_1_288' title='bbox 890 2705 992 2750; x_wconf 85' lang='lat' dir='ltr'>viso,</span> <span class='ocrx_word' id='word_1_289' title='bbox 1030 2702 1270 2753; x_wconf 82' lang='lat' dir='ltr'>auditoque,</span> <span class='ocrx_word' id='word_1_290' title='bbox 1308 2713 1393 2751; x_wconf 80' lang='lat' dir='ltr'>quo</span> <span class='ocrx_word' id='word_1_291' title='bbox 1437 2699 1470 2738; x_wconf 91' lang='lat' dir='ltr'>is</span> <span class='ocrx_word' id='word_1_292' title='bbox 1504 2699 1627 2737; x_wconf 90' lang='lat' dir='ltr'>vellet</span> <span class='ocrx_word' id='word_1_293' title='bbox 1670 2697 1740 2735; x_wconf 90' lang='lat' dir='ltr'>im-</span> 
     </span>
     <span class='ocr_line' id='line_1_37' title="bbox 171 2769 1738 2829; baseline -0.007 -12"><span class='ocrx_word' id='word_1_294' title='bbox 171 2779 405 2829; x_wconf 89' lang='lat' dir='ltr'>pelleretur.</span> <span class='ocrx_word' id='word_1_295' title='bbox 447 2778 670 2828; x_wconf 89' lang='lat' dir='ltr'>Templum</span> <span class='ocrx_word' id='word_1_296' title='bbox 714 2776 905 2827; x_wconf 87' lang='lat' dir='ltr'>suspiriis</span> <span class='ocrx_word' id='word_1_297' title='bbox 940 2784 980 2814; x_wconf 91' lang='lat' dir='ltr'>et</span> <span class='ocrx_word' id='word_1_298' title='bbox 1014 2773 1266 2825; x_wconf 86' lang='lat' dir='ltr'>singultibus</span> <span class='ocrx_word' id='word_1_299' title='bbox 1300 2770 1454 2822; x_wconf 88' lang='lat' dir='ltr'>passim</span> <span class='ocrx_word' id='word_1_300' title='bbox 1498 2769 1738 2814; x_wconf 86' lang='lat' dir='ltr'>insonabat余</span> 
     </span>
     <span class='ocr_line' id='line_1_38' title="bbox 168 2840 1739 2900; baseline -0.008 -12"><span class='ocrx_word' id='word_1_301' title='bbox 168 2850 407 2900; x_wconf 84' lang='lat' dir='ltr'>complures</span> <span class='ocrx_word' id='word_1_302' title='bbox 441 2857 585 2899; x_wconf 86' lang='lat' dir='ltr'>pectus</span> <span class='ocrx_word' id='word_1_303' title='bbox 633 2847 918 2893; x_wconf 77' lang='lat' dir='ltr'>decutiebant3</span> <span class='ocrx_word' id='word_1_304' title='bbox 956 2845 1138 2884; x_wconf 85' lang='lat' dir='ltr'>admissa</span> <span class='ocrx_word' id='word_1_305' title='bbox 1185 2843 1421 2881; x_wconf 84' lang='lat' dir='ltr'>fatebantur</span> <span class='ocrx_word' id='word_1_306' title='bbox 1469 2840 1643 2891; x_wconf 86' lang='lat' dir='ltr'>publice,</span> <span class='ocrx_word' id='word_1_307' title='bbox 1694 2852 1739 2876; x_wconf 89' lang='lat' dir='ltr'>ac</span> 
     </span>
    </p>
   </div>
  </div>
 </body>
</html>
