1926 3200
872 822 989 860 XXI.

633 1037 935 1085 THOMAS
989 1035 1225 1085 GALLO

159 1399 465 1506 NATALEM
513 1403 575 1433 est
607 1393 778 1432 sortitus
813 1392 853 1430 in
887 1406 999 1443 pago
1033 1391 1272 1442 provinciae
1304 1390 1611 1435 alexandrinae,
1646 1388 1712 1427 cui

303 1480 455 1505 nomen
478 1466 657 1504 Bandita
679 1465 725 1502 di
748 1464 972 1502 Cassinelle
995 1464 1073 1512 (Ι).
1100 1462 1241 1513 Quum
1266 1460 1509 1500 vicesimum
1533 1460 1710 1498 alterum

149 1537 295 1577 aetatis
327 1550 480 1575 armum
513 1535 732 1586 attigisset,
767 1533 960 1572 humanis
993 1548 1040 1572 ac
1072 1532 1223 1571 divinis
1267 1531 1497 1583 disciplinis
1537 1530 1709 1581 egregie

151 1607 380 1646 admodum
419 1606 602 1644 imbutus
645 1614 685 1644 et
733 1604 967 1643 sacerdotio
1011 1612 1184 1649 auctus,
1236 1603 1435 1642 Cherium
1479 1601 1623 1640 urbem
1667 1614 1711 1639 se

150 1677 337 1723 contulit,
372 1685 412 1716 et
450 1676 490 1714 in
529 1684 670 1714 nostra
703 1675 911 1714 Societate
950 1675 1084 1726 prima
1116 1674 1325 1725 stipendia
1362 1686 1521 1712 merere
1559 1671 1709 1722 coepit.

151 1748 362 1788 Tirocinio
395 1747 545 1798 posito,
580 1746 809 1785 Taurinum
832 1754 894 1785 est
927 1746 1077 1784 missus
1111 1746 1151 1784 in
1186 1744 1422 1796 Collegium
1456 1744 1706 1782 Sanctorum

152 1821 396 1871 Martyrum,
432 1832 514 1857 non
538 1827 621 1856 tam
646 1825 690 1856 ut
713 1816 1022 1868 philosophiam
1047 1817 1259 1862 recoleret,
1285 1830 1410 1867 quam
1444 1823 1489 1853 ut
1522 1822 1706 1853 nostram

150 1889 443 1942 philosophiae
476 1888 701 1928 tradendae
734 1888 936 1926 rationem
960 1887 1172 1937 arriperet.
1199 1887 1341 1937 Quum
1367 1886 1506 1937 itaque
1529 1885 1582 1923 ad
1604 1885 1710 1922 hanc

150 1961 273 2001 etiam
307 1975 351 1999 se
374 1961 495 2012 plane
519 1958 856 2010 comparavisset,
882 1958 1049 1996 biennio
1072 1966 1230 2003 exacto,
1257 1958 1447 1996 Genuam
1481 1955 1708 2000 contendit,

150 2032 327 2071 eandem
361 2031 494 2082 ipsam
537 2028 796 2080 disciplinam
840 2028 1017 2066 alumnis
1061 2028 1238 2079 Collegii
1282 2026 1488 2066 Albertini
1520 2026 1712 2076 explana-

151 2112 281 2142 turus.
318 2103 414 2153 Quo
447 2101 701 2152 magisterio,
728 2108 931 2151 quantum
956 2100 1035 2138 iam
1059 2108 1147 2138 tum
1171 2100 1338 2145 valeret,
1364 2106 1489 2149 atque
1512 2097 1552 2135 in
1577 2104 1714 2148 poste·

153 2187 243 2212 rum
278 2173 558 2224 portenderet,
594 2172 693 2210 nulli
728 2185 810 2210 non
844 2170 989 2221 patuit.

238 2244 364 2282 Anno
398 2242 587 2294 proxime
636 2241 882 2293 insequenti,
933 2241 1003 2292 qui
1051 2254 1183 2279 annus
1231 2240 1308 2279 fuit
1346 2250 1655 2278 MDCCCXLVHI
1689 2252 1713 2276 a

151 2314 320 2354 Christo
369 2322 478 2359 nato,
514 2314 663 2353 Genua
711 2327 792 2351 una
840 2326 934 2351 cum
983 2311 1067 2350 suis
1110 2311 1336 2357 sodalibus,
1371 2325 1394 2348 a
1427 2308 1711 2360 perduellibus

148 2385 316 2430 eiectus,
342 2398 425 2423 non
448 2384 575 2423 modo
600 2383 798 2423 Societati
824 2384 930 2429 Iesu,
957 2397 1081 2434 quam
1106 2382 1164 2421 uti
1189 2390 1363 2421 matrem
1388 2381 1561 2425 colebat,
1588 2380 1712 2418 fidem

151 2469 234 2493 non
267 2455 420 2501 fefellit,
471 2455 545 2493 sed
591 2454 839 2493 christianae
887 2453 1101 2504 religionis
1135 2452 1435 2503 propagandae
1469 2450 1608 2490 studio
1643 2450 1715 2488 im-

151 2526 307 2576 pulsus,
343 2525 657 2564 moderatorum
690 2524 822 2570 venia,
868 2525 1020 2575 pelago
1054 2538 1098 2562 se
1130 2523 1349 2569 commisit,
1385 2531 1509 2573 atquc
1542 2521 1713 2559 africum

152 2610 264 2634 mare
311 2604 352 2635 et
385 2595 567 2634 indicum
610 2603 933 2646 praetervectus,
979 2595 1031 2634 ad
1073 2609 1188 2633 oram
1224 2594 1516 2633 Madurensem
1565 2605 1713 2630 navem

151 2667 325 2718 appulit.
362 2666 435 2712 Ibi,
470 2666 511 2705 in
534 2667 636 2705 urbe
667 2668 959 2717 Negapatano,
994 2666 1280 2717 compluribus
1314 2663 1554 2703 muneribus
1587 2663 1716 2701 hono-

152 2738 262 2776 rifice
294 2746 357 2776 est
389 2737 642 2788 perfunctus,
678 2745 717 2776 et
751 2751 833 2788 qua
866 2737 1069 2783 doctrina,
1096 2736 1262 2787 pietate,
1288 2750 1334 2774 ac
1358 2734 1579 2786 prudentia
1601 2747 1717 2784 prae-

153 2809 264 2847 ditus
305 2816 431 2853 esset,
477 2816 637 2846 mature
681 2808 887 2858 patefecit.
935 2809 1043 2846 Nam
1088 2807 1346 2857 theologiam
1396 2819 1572 2851 morum,
1617 2804 1714 2843 dein

153 2878 462 2929 philosophiam
495 2877 728 2917 diutissime
760 2878 916 2924 docuit,
953 2886 992 2917 ct
1027 2886 1265 2917 nostrorum
1306 2875 1524 2921 sodalium,
1559 2875 1629 2926 qui
1663 2875 1716 2912 al·
