1926 3200
864 767 1003 805 XXII.

609 983 990 1035 ALBERTVS
1047 982 1277 1032 CETTA

222 1413 333 1440 RIAE
367 1400 406 1438 in
441 1399 698 1438 Laumellina
719 1400 897 1438 honesto
927 1399 1019 1437 loco
1043 1406 1105 1436 est
1138 1406 1255 1436 ortus
1279 1411 1388 1436 anno
1422 1413 1445 1436 a
1477 1405 1599 1448 partu
1632 1397 1721 1436 Vir—

166 1404 211 1512 Ι
261 1471 370 1523 ginis
419 1481 671 1509 MDCCCXIV.
717 1469 959 1521 Religiosae
995 1469 1104 1507 vitae
1146 1468 1383 1507 tirocinium
1426 1482 1557 1507 annos
1601 1476 1721 1507 natus

158 1542 373 1582 sexdecim
407 1550 469 1580 est
501 1555 674 1580 exorsus
707 1542 868 1580 Romae
901 1541 953 1579 ad
979 1540 1119 1579 Sancti
1158 1540 1351 1578 Andreae
1385 1539 1425 1578 in
1459 1548 1601 1579 monte
1625 1539 1724 1590 Qui—

163 1613 293 1659 rinali,
329 1620 370 1651 et
403 1611 603 1662 persolvit
635 1611 773 1650 Cherii
797 1611 836 1649 in
861 1610 1118 1662 Subalpinis.
1145 1611 1287 1661 Quum
1312 1610 1421 1648 enim
1455 1624 1528 1661 per
1552 1610 1592 1648 id
1626 1619 1725 1648 tem-

160 1684 273 1735 poris
309 1682 522 1734 provincia
545 1682 791 1721 taurinensis
823 1697 845 1720 a
878 1696 1064 1727 romana,
1093 1681 1262 1732 auspice
1286 1682 1437 1720 Carolo
1462 1681 1598 1720 Felice
1621 1681 1724 1720 Sub-

154 1754 392 1805 alpinorum
426 1767 538 1804 rege,
563 1767 586 1791 a
610 1753 652 1791 P.
678 1752 839 1792 Aloisio
863 1753 1001 1791 Fortis
1031 1751 1252 1791 Societatis
1276 1760 1443 1791 nostrae
1477 1751 1718 1803 praeposito

159 1825 343 1877 generali
366 1824 550 1863 seiuncta
575 1832 695 1869 esset,
720 1824 840 1863 Cetta
873 1823 978 1862 inter
1019 1823 1181 1862 sodales
1215 1823 1473 1862 taurinenses
1505 1831 1567 1861 est
1599 1836 1723 1873 coop-

158 1905 281 1935 tatus.
318 1895 506 1946 Ingenio,
531 1894 730 1940 doctrina,
765 1903 804 1933 61
837 1894 990 1945 pietate
1026 1894 1192 1945 plurimi
1225 1902 1287 1932 est
1310 1893 1488 1932 habitus.
1526 1894 1571 1932 In
1596 1907 1638 1932 re
1662 1893 1724 1932 lit-

159 1966 310 2006 teraria
336 1966 486 2004 Isa'i'am
511 1965 824 2010 Carminatium,
859 1965 898 2002 in
923 1964 1213 2015 philosophica
1238 1964 1462 2014 Iosephum
1496 1964 1720 2014 Surynum,

161 2037 202 2075 in
225 2035 467 2087 theologica
491 2035 722 2074 Firminum
746 2036 917 2074 Costam
936 2034 1106 2073 audivit.
1133 2035 1178 2072 In
1202 2034 1348 2073 litteris
1372 2035 1484 2080 satis,
1505 2034 1545 2072 in
1563 2034 1725 2084 gravio—

160 2107 274 2146 ribus
299 2105 528 2157 disciplinis
552 2119 808 2156 magnopere
831 2105 1018 2156 profecit.
1045 2104 1264 2150 Novariae,
1291 2104 1504 2143 Ferrariae
1527 2113 1568 2144 et
1597 2105 1725 2144 Seno-

158 2177 308 2229 galliae
332 2177 547 2228 physicam
578 2185 618 2216 et
647 2176 866 2215 mathesim
900 2176 971 2215 diu
1004 2175 1158 2221 docuit,
1193 2184 1234 2214 et
1268 2175 1407 2214 eximii
1440 2175 1723 2226 praeceptoris

160 2248 239 2288 sibi
263 2262 415 2287 nomen
445 2247 591 2287 effecit.
618 2247 928 2287 Massae-Ducis
964 2247 1003 2285 in
1045 2255 1187 2286 nostro
1225 2247 1403 2298 collegio
1436 2247 1723 2298 magisterium

162 2319 327 2370 pietatis
346 2318 490 2363 obivit,
507 2319 740 2369 eodemque
757 2327 946 2369 tempore
969 2317 1131 2356 divinas
1150 2318 1305 2356 litteras
1323 2331 1535 2356 sacrorum
1548 2317 1726 2356 alumnis

155 2389 331 2441 egregie
363 2398 425 2428 est
468 2389 774 2440 interpretatus,
810 2389 910 2428 Post
943 2389 1043 2427 haec
1066 2388 1237 2426 Taurini
1270 2388 1322 2426 ad
1354 2388 1495 2427 Sancti
1530 2388 1663 2427 Patris
1687 2389 1721 2427 I-

159 2459 291 2511 gnatii
311 2459 400 2510 pias
424 2460 796 2498 commentationes
819 2458 1106 2498 sacerdotibus
1131 2458 1352 2497 tradendas
1375 2472 1419 2497 se
1451 2458 1664 2509 applicuit,
1683 2467 1725 2498 et

162 2530 327 2569 Bastiae
351 2530 391 2568 in
415 2530 547 2568 insula
565 2530 747 2576 Corsica,
767 2529 862 2568 dein
882 2529 1075 2568 Monoeci
1095 2530 1148 2568 ad
1166 2543 1281 2567 oram
1300 2529 1497 2579 ligurem,
1522 2528 1726 2568 tironibus

160 2615 260 2640 suae
294 2601 532 2652 provinciae
570 2601 769 2652 magister
801 2600 967 2652 pietatis
1003 2614 1075 2639 sex
1107 2600 1286 2651 amplius
1324 2613 1455 2638 annos
1493 2600 1613 2639 datus
1648 2608 1723 2640 est.

162 2672 351 2711 Subinde
372 2671 538 2711 Pistorii
558 2672 597 2710 in
620 2686 737 2711 sacro
755 2672 943 2723 ephebeo
962 2686 1115 2711 annum
1136 2685 1276 2717 unumy
1297 2679 1337 2709 et
1354 2671 1575 2720 Viglevani
1593 2685 1724 2710 annos

160 2750 322 2793 septem
365 2742 628 2781 alumnorum
671 2742 948 2782 conscientiae
981 2742 1048 2793 pie
1087 2750 1312 2792 sancteque
1359 2750 1421 2780 est
1469 2742 1722 2781 moderatus.

164 2812 378 2851 Bulzaneti
402 2821 442 2852 et
467 2814 629 2852 Murtae
651 2813 763 2864 apud
787 2813 990 2859 Genuam,
1016 2812 1105 2863 pias
1129 2812 1337 2863 Virgines,
1362 2813 1452 2850 Deo
1475 2812 1645 2857 dicatas,
1671 2813 1722 2851 ad

168 2883 374 2934 pietatem
398 2883 646 2922 excolendas
658 2883 853 2934 suscepit,
873 2891 913 2922 et
931 2883 1169 2922 sacerdotes
1188 2883 1305 2922 statis
1327 2882 1533 2921 exercitiis
1557 2882 1596 2921 in
1610 2896 1727 2921 sacro
