1926 3200
870 832 1031 869 XXIII.

547 1036 918 1086 IOSEPHVS
970 1035 1352 1086 BRVNENGO

300 1412 341 1439 Ic
374 1399 450 1439 fuit
497 1398 892 1450 praestantissimus,
943 1406 982 1436 et
1032 1397 1221 1437 doctriua
1270 1410 1528 1447 magnopere
1571 1396 1732 1435 claruit.

327 1472 461 1510 Natus
508 1479 571 1509 est
620 1470 828 1509 Piveronii
872 1470 912 1508 in
950 1469 1143 1508 Dioecesi
1177 1468 1452 1520 eporediensi,
1487 1482 1597 1507 anno
1630 1467 1734 1506 chri-

167 1542 302 1580 stiano
336 1553 591 1588 MDCCCXXI,
627 1550 667 1580 et
691 1541 905 1592 ingenium
940 1550 1001 1580 est
1036 1540 1208 1579 sortitus
1241 1540 1293 1578 ad
1326 1554 1471 1578 omnes
1505 1539 1734 1590 sapientiae

168 1622 306 1664 partes
353 1613 684 1652 accomodatum.
736 1613 882 1663 Itaque
930 1627 952 1651 a
1004 1612 1138 1663 prima
1191 1611 1469 1650 adolescentia
1519 1611 1624 1650 inter
1671 1624 1734 1649 ae·

167 1684 314 1729 Quales
362 1683 521 1722 enituit.
555 1683 777 1734 Augustae
811 1683 1139 1733 Vagiennorum,
1175 1682 1270 1721 dein
1311 1681 1481 1720 Taurini
1516 1681 1556 1720 in
1590 1690 1734 1720 nostro

167 1754 359 1805 collegio,
394 1754 539 1805 primis
582 1754 730 1792 litteris
763 1762 802 1792 et
835 1753 1065 1804 disciplinis
1118 1762 1180 1792 est
1227 1753 1434 1799 eruditus;
1469 1762 1594 1804 atque
1628 1753 1738 1791 adeo

165 1826 312 1864 ceteris
345 1825 563 1876 praestitit,
599 1833 644 1863 ut
683 1824 804 1875 primi
838 1824 1025 1863 subsellii
1059 1824 1288 1875 discipulus
1321 1824 1582 1863 continenter
1614 1823 1736 1862 exsti-

166 1896 273 1935 terit.
311 1896 440 1935 Paulo
476 1895 713 1941 Beorchiae,
750 1895 942 1939 utinensi,
989 1895 1077 1933 viro
1120 1895 1339 1934 Societatis
1383 1903 1550 1933 nostrae
1582 1894 1736 1933 littera-

166 1966 341 2011 tissimo‚
366 1966 483 2004 cuius
514 1966 555 2004 in
590 1966 669 2004 hoc
702 1965 843 2004 libello
876 1966 1005 2003 habes
1049 1965 1247 2016 elogium,
1282 1965 1605 2004 iucundissimus
1639 1964 1733 2011 fuit3

165 2037 338 2088 eiusque
380 2051 473 2088 ope,
518 2050 778 2087 quamquam
811 2050 943 2074 annos
979 2036 1317 2087 quattuordecim
1351 2036 1487 2074 minor
1519 2044 1651 2081 natus,
1694 2034 1734 2072 in

165 2108 339 2146 eandem
373 2108 462 2159 ipse
485 2107 751 2153 Societatem,
778 2107 817 2145 in
842 2121 967 2158 quam
1002 2115 1046 2145 ut
1079 2115 1346 2157 cooptaretur
1378 2106 1508 2145 enixis
1542 2106 1735 2156 precibus

165 2180 459 2230 postulaverat,
496 2178 653 2230 ingenti
687 2177 844 2229 gaudio
877 2187 940 2217 est
971 2178 1136 2216 relatuS.

255 2249 394 2288 Cherii
429 2250 468 2287 in
503 2249 745 2300 Subalpinis
778 2248 973 2288 tirocinio
1009 2248 1223 2297 religionis
1260 2256 1418 2290 exacto.
1455 2249 1604 2286 Isa'i'am
1640 2248 1737 2287 Car-

165 2321 382 2359 minatium
416 2329 456 2359 et
489 2320 699 2358 Aloisium
733 2319 970 2358 Tarditium
1021 2319 1210 2358 rhetores
1244 2326 1535 2369 praeceptores
1569 2319 1733 2363 habuit:

163 2400 203 2429 et
245 2391 424 2429 subinde
457 2391 497 2429 in
530 2390 713 2441 collegio
737 2389 965 2429 taurinensi
1000 2390 1051 2428 ad
1086 2390 1161 2428 SS.
1198 2390 1429 2439 Martyrum
1464 2389 1520 2427 rei
1554 2389 1735 2440 philoso-

165 2461 324 2511 phicae,
360 2461 557 2512 physicae
590 2470 631 2500 et
656 2460 974 2499 mathematicae
1002 2460 1184 2499 animum
1214 2459 1374 2498 adiecit.
1401 2461 1497 2510 Quo
1530 2459 1736 2498 curriculo

165 2532 352 2570 nondum
385 2533 563 2583 expleto,
599 2532 800 2571 litterulas
825 2532 999 2571 Genuae
1032 2531 1069 2569 in
1102 2531 1293 2580 Collegio
1327 2531 1546 2569 Albertino
1580 2545 1734 2569 annum

166 2602 337 2641 omnino
371 2616 498 2640 unum
533 2602 689 2647 docuit,
726 2611 766 2641 et
800 2602 1035 2640 Taurinum
1071 2615 1297 2651 regressus.
1323 2601 1615 2652 philosophiae
1648 2615 1736 2639 cur-

166 2687 260 2711 sum
295 2672 486 2711 confecit.
538 2673 668 2712 Cuius
717 2674 793 2711 sub
842 2673 1011 2715 exitum.
1054 2673 1091 2710 in
1127 2672 1306 2710 sacrario
1339 2671 1451 2710 aedis
1485 2672 1733 2709 Sanctorum

168 2744 413 2794 Martyrum,
449 2744 633 2782 conclavi
669 2744 940 2794 amplissimo,
972 2743 1305 2794 frequentissima
1335 2742 1550 2781 hominum
1585 2742 1736 2781 doctis-

164 2814 365 2852 simorum
398 2827 551 2853 corona
584 2814 786 2855 adstante.
824 2814 1121 2853 reconditioris
1155 2813 1353 2852 mathesis
1385 2813 1594 2863 specimen
1621 2827 1735 2863 prae-

164 2884 264 2927 buit,
300 2898 383 2935 quo
417 2884 637 2935 egregium
673 2885 826 2935 ingenii
862 2885 1091 2935 periculum
1127 2885 1238 2925 fecit:
1279 2892 1536 2934 quapropter
1569 2883 1731 2921 cunetis
