1926 3200
923 830 1040 868 XIII.

350 1044 666 1094 IOANNES
723 1045 1088 1093 BAPTISTA
1144 1045 1606 1095 CENTURIONE

316 1414 484 1446 ENUAE,
520 1401 835 1452 opulentissima
869 1401 908 1439 in
942 1401 1054 1445 urbe,
1090 1401 1276 1452 principe
1305 1402 1396 1440 loco
1421 1410 1483 1440 est
1506 1410 1627 1441 natus
1650 1416 1759 1440 anno

204 1403 311 1514 G
344 1488 367 1511 a
399 1480 519 1524 partu
552 1471 739 1523 Virginis
764 1482 1018 1510 MDCCCXVI.
1044 1472 1263 1523 Augustae
1286 1472 1578 1515 Taurinorum,
1604 1472 1644 1510 in
1669 1472 1759 1511 Col—

198 1543 308 1594 legio
342 1542 546 1582 Convictu
585 1542 813 1587 Nobilium,
848 1556 871 1580 a
903 1541 1057 1581 nostris
1089 1542 1301 1580 sodalibus
1335 1542 1382 1581 iis
1416 1543 1609 1581 omnibus
1643 1543 1760 1581 disci-

198 1613 320 1664 plinis
367 1621 429 1652 est
476 1612 675 1658 eruditus,
729 1612 881 1663 quibus
929 1613 1245 1663 generosiorum
1289 1613 1598 1652 adolescentum
1647 1622 1759 1652 aetas

198 1683 398 1735 impertiri
432 1684 568 1722 debet.
595 1683 741 1722 Annos
767 1691 888 1722 natus
911 1684 1222 1734 septemdecim,
1248 1698 1376 1735 quum
1406 1698 1489 1723 non
1519 1685 1654 1723 minus
1678 1685 1760 1736 pie-

199 1762 294 1800 tate,
330 1768 454 1805 quam
489 1753 634 1792 litteris
668 1753 931 1799 adolevisset,
977 1754 1131 1792 clarum
1170 1769 1334 1800 nomen,
1369 1755 1541 1794 divitem
1575 1769 1757 1798 censum,

198 1825 382 1876 insignes
416 1825 609 1870 honores,
646 1832 686 1863 et
725 1838 896 1863 munera
927 1825 1193 1875 amplissima,
1239 1825 1389 1876 quibus
1432 1825 1522 1871 frui,
1558 1826 1759 1877 fungique

199 1895 239 1934 in
272 1895 405 1946 patria
437 1903 612 1946 poterat,
650 1895 795 1933 humili
830 1895 922 1933 Iesu
965 1895 1199 1946 paupertati
1242 1896 1496 1946 posthabuit,
1536 1905 1577 1935 et
1609 1897 1759 1948 quovis

200 1965 362 2004 abiecto
396 1966 514 2011 fastu,
552 1965 750 2004 Cherium
783 1965 1009 2012 contendit,
1045 1974 1090 2005 ut
1122 1965 1162 2004 in
1186 1975 1327 2005 nostra
1350 1966 1556 2006 Societate
1589 1981 1632 2006 se
1667 1968 1758 2006 Deo

198 2037 464 2088 manciparet.
501 2037 547 2075 In
586 2036 732 2075 litteris
770 2036 1045 2087 politioribus,
1087 2051 1189 2088 quas
1222 2037 1333 2083 inibi,
1369 2037 1560 2077 tirocinio
1595 2038 1759 2089 pietatis

198 2117 355 2154 exacto,
387 2108 599 2147 biennium
631 2108 707 2146 sub
742 2108 996 2147 Carminatio
1030 2109 1213 2155 recoluit,
1250 2109 1427 2148 maxime
1460 2110 1610 2154 floruit,
1645 2119 1685 2149 et
1719 2111 1757 2148 in

198 2179 362 2218 Catullo
396 2179 667 2230 exprimendo
697 2179 851 2230 primas
885 2179 990 2218 inter
1021 2180 1213 2230 aequales
1252 2181 1356 2220 tulit.
1395 2181 1449 2219 Hi
1493 2195 1637 2220 omnes
1670 2182 1758 2220 eius

196 2250 378 2288 carmina
410 2250 535 2289 latina
567 2249 884 2300 diligentissime
906 2250 1218 2301 conquirebant,
1243 2259 1283 2290 et
1305 2251 1417 2302 apud
1446 2266 1489 2290 se
1522 2252 1756 2296 tuebantur,

199 2329 343 2371 utpote
391 2334 496 2372 quae
539 2320 848 2365 venustissima,
900 2335 1033 2371 neque
1080 2321 1258 2367 adscito,
1307 2322 1381 2360 sed
1430 2322 1569 2361 nativo
1618 2323 1759 2374 lepore

197 2399 337 2430 essent
369 2391 579 2442 adspersa.

290 2461 582 2512 Philosophiae
617 2462 866 2501 curriculum
901 2462 1059 2501 naviter
1081 2476 1273 2501 emensus
1297 2463 1480 2509 Taurini,
1506 2464 1614 2502 illico
1639 2464 1755 2506 Iriae,

199 2531 294 2571 dein
327 2532 498 2571 Genuae
531 2532 692 2571 litteras
725 2532 880 2572 docuit.
916 2532 1102 2571 Subinde
1135 2534 1364 2572 Taurinum
1398 2548 1611 2585 regressus
1645 2535 1758 2574 theo-

199 2602 346 2654 logicis
379 2602 609 2654 disciplinis
643 2617 813 2654 operam
847 2603 974 2647 dedit,
1009 2612 1049 2642 et
1071 2604 1265 2643 sacerdos
1295 2604 1579 2655 inauguratus,
1614 2606 1757 2644 altero-

199 2686 280 2723 que
303 2673 514 2724 religionis
537 2673 728 2712 tirocinio
749 2673 900 2712 Melani
921 2673 959 2712 in
979 2674 1277 2726 Allobrogibus
1300 2676 1501 2721 confecto,
1527 2676 1754 2714 Taurinum

199 2743 321 2782 tertio
354 2757 397 2782 se
420 2745 606 2789 contulit,
633 2753 678 2783 ut
703 2744 881 2783 alumnis
915 2745 1091 2796 Collegii
1126 2745 1352 2785 Convictus
1386 2746 1599 2785 Nobilium
1634 2747 1757 2785 histo-

200 2813 301 2852 riam
350 2814 543 2853 traderet.
595 2816 689 2865 Qua
738 2815 776 2852 in
825 2815 1041 2865 disciplina
1088 2815 1345 2866 explananda
1403 2817 1491 2855 aliis
1540 2826 1756 2867 tantopere

200 2883 416 2934 praestitit,
452 2893 495 2922 ut
534 2898 583 2923 eo
631 2893 819 2935 tempore
867 2885 1022 2935 opellas
1071 2885 1287 2925 historicas
1336 2887 1458 2926 etiam
1508 2887 1754 2937 vulgaverit,
