1926 3200
875 177 1106 212 —80—

200 279 340 319 statim
363 279 533 325 solvit03
560 278 728 330 reliquis
753 278 883 317 utitor
916 277 1031 318 tibi»
1055 310 1062 316 .
1098 277 1290 328 Neapoli,
1326 285 1448 316 nocte
1482 278 1765 328 impendente,

199 352 328 390 domo
362 350 473 397 exiit,
509 358 635 401 atque
667 349 880 389 hominem
915 350 967 388 ad
999 349 1155 387 exitum
1198 348 1360 387 viarum
1399 347 1613 387 inimicum
1647 363 1770 387 suum

200 422 539 473 praestolantem,
590 429 634 460 ut
682 435 776 459 eum
820 420 1019 472 pugione,
1056 433 1181 471 quem
1214 419 1394 458 amiculo
1427 420 1608 470 tegebat,
1645 420 1768 459 morti

201 494 330 540 daret,
366 508 417 532 ex
440 492 694 544 improviso:
734 507 757 530 <<
780 492 908 538 Cedo,
950 491 1096 543 inquit,
1138 491 1368 542 pugionem
1391 506 1440 530 ».
1477 491 1553 530 Cui
1592 491 1770 530 furcifer:

200 578 224 603 «
247 565 496 615 Quemnam,
522 563 708 614 quaeso?
732 563 801 601 Nil
824 562 897 602 tibi
921 575 1083 600 mecum
1108 569 1170 600 est
1203 561 1375 612 negotii.
1410 562 1561 613 Apage
1594 569 1646 608 te,
1682 562 1772 600 tibi—

201 649 282 687 que
314 642 461 673 vacato
490 648 538 673 >>.
575 633 718 672 Nihilo
751 633 885 672 secius
918 631 1193 677 Torniellius,
1239 631 1308 683 qui
1342 640 1498 670 temere
1531 646 1618 670 rem
1662 631 1772 671 inco-

202 706 362 757 gnitam
386 719 469 745 non
494 704 866 756 pronunciavisset,
892 703 1104 742 hominem
1124 703 1275 741 blande
1294 703 1520 754 appellans,
1547 717 1569 741 a
1593 703 1771 741 nefando

202 777 423 830 proposito
456 775 671 822 deterruit,
707 790 753 814 ac
787 775 974 826 pugione
1008 775 1243 825 impetrato,
1284 775 1458 812 domum
1492 773 1677 819 deduxit,
1713 782 1771 820 ut,

202 848 364 888 consilii
398 847 631 899 poenitens,
666 860 760 885 cum
796 847 888 885 Deo
923 845 962 883 in
987 845 1164 896 gratiam
1189 844 1354 884 rediret.
1390 845 1498 883 Illud
1532 845 1701 883 demum
1725 844 1775 883 si-

202 920 331 959 lentio
350 933 434 958 non
458 917 917 970 praetergrediendum,
944 917 1058 967 quod
1085 917 1126 955 P.
1154 917 1358 967 Iosephus
1377 916 1580 962 Caruana,
1606 923 1773 954 nostrae

202 991 425 1032 Societatis
458 991 662 1036 alumnus,
698 989 761 1028 his
795 988 932 1027 verbis
966 987 1194 1027 enarravit:
1230 1004 1251 1024 <‹
1282 989 1324 1026 Ρ.
1351 987 1604 1026 Torniellius
1628 1001 1771 1038 quum,

203 1077 270 1102 me
303 1076 448 1114 puero,
485 1061 525 1100 in
558 1061 732 1100 domum
767 1073 956 1098 meorum
990 1067 1210 1110 parentum
1245 1067 1465 1097 coenatum
1501 1057 1695 1103 venisset,
1721 1057 1773 1096 ad

203 1143 436 1172 extremum
486 1132 681 1171 omnibus
729 1130 1029 1169 valedicturus:
1080 1153 1133 1158 —
1184 1130 1247 1167 Ex
1294 1129 1412 1168 vobis
1448 1143 1588 1170 unum,
1624 1128 1770 1179 inquit.

205 1205 358 1243 Beatus
394 1205 516 1243 Pater
550 1203 738 1255 Ignatius
762 1217 784 1240 a
809 1202 970 1252 Loyola
993 1201 1069 1239 sibi
1103 1200 1343 1239 vindicabit.
1374 1224 1428 1229 —
1454 1200 1616 1250 Hisque
1640 1199 1772 1241 dictis,

203 1275 395 1314 discessit
422 1291 444 1312 »
465 1307 472 1314 .

294 1347 444 1397 Neque
478 1345 615 1383 minus
648 1345 701 1383 ad
725 1344 814 1382 eius
839 1342 1119 1382 innocentiam
1144 1342 1455 1388 adstruendam,
1482 1340 1778 1379 ulciscendam-

206 1431 300 1468 que,
327 1431 349 1455 a
374 1417 467 1455 Deo
487 1424 653 1455 cautum
673 1429 719 1453 ac
738 1414 953 1465 provisum
978 1422 1051 1452 est.
1074 1414 1181 1451 Nam
1205 1413 1257 1450 de
1282 1412 1388 1450 illius
1411 1411 1773 1457 obtrectatoribus,

206 1497 332 1539 atque
352 1487 672 1527 insectatoribus
691 1485 980 1525 acerbissimas
1004 1498 1161 1535 poenas
1187 1485 1302 1522 Deus
1326 1482 1516 1533 sumpsit.
1536 1482 1774 1527 Enimvero,

205 1559 275 1610 qui
309 1558 588 1598 Torniellium
621 1572 644 1596 a
678 1556 872 1596 Sardinia
906 1556 1164 1606 expulerant,
1210 1554 1398 1605 plerique
1436 1554 1563 1592 vitam
1598 1552 1777 1603 pessime

205 1631 441 1670 finiverunt.
478 1628 561 1680 Qui
594 1627 732 1678 lapide
766 1641 861 1665 eum
896 1625 1158 1677 impetiierat,
1195 1624 1326 1663 oculis
1360 1632 1518 1675 captus,
1560 1623 1675 1662 brevi
1709 1623 1777 1661 de-

205 1701 347 1747 cessit;
383 1700 484 1752 quin
518 1700 642 1738 etiam
666 1712 759 1737 cum
793 1697 1020 1741 efferretur,
1056 1711 1104 1735 ea
1128 1696 1217 1747 ipsa
1242 1695 1281 1733 in
1312 1695 1447 1746 platea
1481 1708 1502 1733 e
1536 1694 1688 1733 feretro
1717 1708 1777 1732 ce-

206 1773 318 1819 cidit,
355 1786 405 1811 ex
429 1786 510 1823 qua
543 1770 726 1821 lapidem
760 1769 1005 1820 proiecerat.
1040 1767 1160 1806 Alius
1194 1767 1332 1805 surore
1364 1765 1559 1817 percitus,
1594 1766 1646 1804 de
1679 1779 1778 1803 sana

210 1854 349 1883 mente
383 1852 445 1882 est
478 1842 677 1881 deiectus.
702 1841 823 1880 Alius
856 1839 1035 1891 paralysi
1060 1847 1289 1889 correptus,
1315 1837 1403 1876 neci
1427 1836 1634 1876 occubuit.
1658 1836 1779 1874 Alius

208 1917 378 1955 demum
413 1913 634 1966 apoplexia
667 1913 894 1964 perculsus,
930 1926 951 1950 e
985 1911 1113 1962 podio
1147 1909 1313 1948 decidit.

298 1988 414 2025 Haec
459 1984 629 2036 quidem
663 1984 715 2022 de
749 1982 979 2022 Torniellio
1013 1982 1111 2020 dum
1146 1981 1282 2019 adhuc
1316 1980 1422 2018 inter
1455 1978 1574 2017 vivos
1608 1978 1773 2028 agebat.

209 2058 274 2096 De
306 2057 455 2096 eodem
489 2056 573 2094 vita
606 2055 748 2094 functo
791 2054 1030 2105 perhibent,
1067 2052 1155 2091 eius
1190 2051 1426 2102 sepulcrum
1461 2049 1654 2088 aetherea
1686 2048 1776 2086 luce

208 2128 504 2168 circumfusum
538 2128 590 2165 ab
637 2125 845 2176 aliquibus
890 2138 980 2163 esse
1023 2123 1171 2162 visum.
1217 2123 1273 2161 At
1307 2121 1415 2160 enim
1456 2134 1562 2171 quae
1597 2127 1774 2170 praeter,

209 2201 274 2239 vel
308 2213 434 2250 supra
467 2206 639 2237 naturae
686 2198 802 2248 leges
852 2195 1051 2234 accidisse
1093 2194 1292 2235 feruntur,
1343 2191 1540 2243 legitimis
1590 2189 1777 2241 cognito-

210 2271 323 2310 ribus
357 2269 634 2320 expendenda
667 2267 952 2318 relinquimus.
998 2264 1211 2304 Torniellii
1261 2263 1387 2302 vitam
1431 2262 1520 2300 fuse
1567 2260 1775 2300 enarravit

210 2341 426 2392 ediditque
461 2340 504 2379 P.
529 2340 727 2378 Albertus
753 2338 884 2376 Maria
918 2335 1173 2376 Centurione
1208 2335 1250 2374 S.
1287 2335 1316 2373 I.
1343 2334 1405 2371 Ex
1438 2347 1484 2371 ea
1518 2345 1624 2382 quae
1656 2330 1776 2369 nobis

210 2413 374 2464 potiora
407 2421 503 2450 sunt
535 2410 623 2449 visa
655 2408 952 2460 decerpsimus,
990 2416 1115 2458 atque
1157 2407 1267 2444 hunc
1304 2402 1648 2443 commentarium
1683 2401 1779 2440 scri-

211 2484 370 2535 psimus
394 2485 473 2533 (Ἰ).

275 2673 319 2710 (1)
352 2672 429 2701 I'ilcz
454 2672 512 2700 del
534 2671 652 2700 Padre
686 2669 856 2699 Federico
891 2668 1014 2697 illaria
1059 2665 1235 2695 Tornielli
1267 2665 1299 2692 cl.
1334 2664 1368 2693 C.
1395 2663 1426 2691 d.
1457 2663 1498 2691 G.
1525 2661 1695 2690 deser-illa
1719 2660 1780 2688 dal

212 2727 249 2754 P.
276 2725 428 2754 Alberto
451 2724 575 2752 Maria
602 2722 820 2752 Cenlzcrione
845 2722 938 2750 della
957 2719 1147 2749 medesima
1168 2715 1398 2754 Compagnia.
1426 2714 1568 2749 Torino,
1594 2711 1777 2750 tipografia

215 2778 334 2808 Giulio
359 2776 518 2815 Speirani
543 2786 560 2806 e
586 2775 688 2813 Figli,
717 2775 805 2804 1830.
835 2782 899 2810 120,
926 2782 984 2811 pp.
1011 2771 1152 2809 'vn-363.
