1926 3200
209 305 388 336 erectam
422 295 463 334 in
497 295 634 333 Deum
668 292 817 332 mentis
850 292 980 330 aciem
1023 291 1208 341 gerebat,
1244 298 1289 329 ut
1322 291 1392 341 qui
1427 291 1465 329 in
1499 306 1593 330 eum
1627 292 1772 330 oculos

210 367 492 413 intendebant,
517 373 688 416 stupore
711 364 992 414 opplerentur,
1029 376 1087 408 ac,
1122 361 1265 400 divino
1289 362 1472 413 quodam
1497 370 1654 401 terrore
1687 376 1774 401 cor-

211 438 329 489 repti,
364 437 444 476 alio
477 437 670 475 obtutum
704 442 889 474 avertere
922 441 1187 484 cogerentur.

301 508 393 547 Cibi
441 506 661 557 somnique
708 504 975 556 parcissimus
1025 503 1112 550 fuit,
1150 511 1193 542 ut
1226 503 1393 554 plurimi
1427 518 1534 550 eum,
1569 518 1697 555 quum
1732 504 1773 542 in

211 579 403 618 Sardinia
435 578 627 628 degebat,
663 590 735 615 esu
754 584 941 626 potuque
960 574 1167 613 abstinere
1191 574 1271 613 sint
1295 575 1493 614 arbitrati.
1521 576 1567 613 In
1591 589 1634 613 se
1666 589 1776 613 acer-

212 649 313 687 rime
336 647 558 693 saeviebat;
583 646 812 697 asperrimo
830 645 964 684 cilicio
983 645 1187 691 utebatur3
1213 645 1395 696 lorisque
1414 646 1546 684 ferreo
1569 646 1772 692 acumine,

213 719 277 758 vel
312 719 506 769 plumbea
528 717 681 769 glande
705 716 927 761 instructis,
953 729 1104 766 corpus
1128 730 1259 766 usque
1282 716 1334 754 ad
1358 716 1604 767 sanguinem
1633 717 1775 755 verbe-

213 790 340 828 rabat.
362 790 506 840 Itaque
525 802 608 827 non
627 788 753 826 modo
773 787 947 837 flagella,
969 786 1042 825 sed
1060 786 1184 825 etiam
1204 786 1463 833 vestimenta,
1489 787 1773 837 pavimentum

213 869 253 899 et
286 860 412 899 cellae
435 859 612 910 parietes
635 858 815 909 plurimo
839 871 985 896 cruore
1018 858 1360 908 aspergebantur,
1386 857 1772 908 imbuebanturque.

217 930 456 982 Religiosae
488 929 745 980 paupertatis
778 928 1127 974 servantissimus,
1164 927 1363 966 vilissima
1386 942 1576 979 quaeque
1609 929 1685 967 sibi
1708 929 1777 967 de-

214 1002 381 1053 ligebat,
417 1008 456 1039 et
479 1008 594 1039 veste
617 999 805 1038 obsoleta
828 1013 875 1037 ac
897 998 1048 1038 detrita
1071 1013 1170 1049 prae
1193 999 1339 1038 ceteris
1363 1000 1657 1038 delectabatur.
1685 1000 1773 1038 Mo-

213 1071 475 1111 deratoribus
493 1071 606 1109 dicto
625 1069 809 1115 audiens,
835 1069 948 1115 nihil,
976 1069 1024 1108 iis
1049 1069 1304 1116 inconsultis,
1330 1070 1499 1121 agebat;
1525 1078 1649 1116 ratus,
1675 1070 1775 1108 illud

215 1142 479 1193 potissimum
504 1142 597 1180 Deo
619 1140 799 1191 probari,
825 1140 939 1191 quod
963 1154 1014 1178 ex
1036 1140 1275 1178 obedientia
1303 1140 1538 1191 suscipitur.
1565 1140 1776 1179 Castitatis

214 1221 354 1252 custos
387 1212 743 1264 diligentissimus,
778 1212 921 1250 oculos
945 1226 967 1250 a
991 1211 1233 1250 mulieribus
1255 1220 1460 1262 perpetuo
1493 1211 1707 1257 continuit,
1734 1220 1779 1250 ut

215 1285 370 1323 nullam
403 1284 456 1322 de
488 1283 590 1322 facie
623 1282 798 1321 noverit.

303 1354 444 1393 Animi
467 1353 720 1392 demissione
743 1353 783 1391 in
807 1353 1045 1403 exemplum
1069 1352 1229 1392 enituit.
1255 1352 1449 1404 Seipsum
1472 1353 1673 1404 despexit,
1700 1367 1775 1391 nec

217 1439 401 1476 unquam
435 1425 485 1463 de
518 1423 755 1463 clarissimis
779 1423 1016 1469 maioribus,
1048 1438 1071 1462 a
1094 1423 1245 1474 quibus
1269 1432 1405 1462 ortum
1430 1424 1616 1469 duxerat,
1652 1424 1780 1462 verba

216 1496 323 1535 fecit.
361 1495 542 1534 Humilis
586 1495 804 1533 cuiuslibet
847 1494 969 1533 officii
1011 1495 1228 1533 exercendi
1272 1495 1532 1533 occasionem
1567 1495 1778 1545 captabat3

217 1566 548 1617 suppellectilem
582 1565 776 1616 poliebat,
812 1565 1024 1604 conclavia
1066 1565 1285 1616 purgabat,
1326 1579 1511 1604 mensam
1555 1565 1776 1611 sternebat,

217 1637 479 1687 culinamque
496 1650 543 1675 ea
561 1637 780 1675 sedulitate
799 1636 1057 1683 moliebatur,
1078 1650 1160 1687 qua
1178 1636 1318 1674 munia
1341 1636 1589 1687 gravissima
1611 1636 1779 1686 explere

217 1716 504 1747 consueverat.
555 1707 598 1746 Si
647 1707 814 1758 quando
863 1708 902 1745 in
946 1707 1117 1746 alicuius
1150 1707 1423 1746 offensionem
1456 1716 1600 1746 contra
1632 1715 1776 1745 votum

218 1779 430 1825 inciderat,
465 1778 573 1817 illico
606 1792 649 1817 se
682 1778 735 1817 ad
767 1778 855 1816 eius
878 1778 1006 1828 pedes
1029 1778 1259 1823 abiiciebat,
1285 1779 1534 1829 veniamque
1566 1777 1781 1816 subiectis-

219 1849 322 1888 sime
354 1849 605 1900 postulabat.
632 1849 813 1887 Maxima
836 1848 876 1886 in
899 1849 1052 1900 vulgus
1075 1849 1274 1888 charitate
1298 1849 1461 1895 exarsit,
1486 1857 1526 1887 et
1548 1862 1778 1894 caecorum,

218 1920 450 1966 viduarum,
472 1919 757 1958 mendicorum
782 1919 924 1958 turbas
943 1919 1277 1965 innumerabiles,
1298 1920 1405 1970 stipe
1423 1920 1607 1965 collecta,
1628 1919 1783 1969 ubique

218 1990 337 2037 aluit;
373 2004 447 2028 nec
480 1990 608 2028 ullum
643 2004 825 2040 unquam
849 2004 872 2028 a
895 2003 950 2036 se,
986 1989 1064 2028 nisi
1088 1990 1173 2029 voti
1196 1998 1447 2040 compotem,
1482 1989 1651 2028 dimisit.
1678 1990 1784 2027 Nea-

220 2061 304 2112 poli
337 2061 403 2100 lue
436 2061 604 2100 asiatica
651 2060 852 2111 correptis
901 2060 971 2098 diu
1022 2068 1231 2111 noctuque
1264 2061 1410 2099 sedulo
1448 2060 1591 2106 adfuit,
1627 2068 1672 2098 ut
1703 2059 1781 2097 sibi

220 2133 410 2171 morbum
434 2131 695 2171 contraxerit.
721 2132 862 2182 Quum
886 2131 1176 2177 convaluisset,
1197 2131 1344 2170 iisdem
1369 2131 1456 2182 pari
1481 2131 1699 2169 sedulitate
1722 2144 1782 2168 as-

221 2203 354 2242 sidere
378 2203 526 2242 iterum
550 2202 699 2253 coepit,
725 2217 771 2241 ac
789 2202 884 2241 dein
909 2202 948 2240 in
967 2202 1150 2242 Siciliam
1174 2202 1281 2241 mitti
1305 2202 1544 2253 postulavit,
1570 2210 1615 2240 ut
1637 2202 1783 2240 eadem

222 2273 446 2324 pestilitate
468 2273 614 2312 afflatis
637 2272 824 2311 subsidio
843 2272 1014 2311 veniret.
1037 2272 1115 2311 Dei
1134 2272 1311 2323 gloriam
1335 2280 1539 2323 perpetuo
1563 2273 1616 2311 ob
1640 2271 1783 2311 oculos

222 2343 378 2383 habuit.
414 2343 675 2383 Sacrosancti
710 2344 803 2382 Iesu
837 2343 1001 2389 Cordis,
1032 2357 1079 2382 ac
1114 2342 1320 2394 Deiparae
1353 2343 1444 2382 labe
1476 2343 1687 2394 primaeva
1719 2356 1786 2381 ex-

223 2414 363 2466 pertis,
399 2415 549 2466 quibus
582 2429 606 2453 a
638 2415 789 2453 teneris
822 2414 1132 2453 addictissimus
1155 2414 1242 2461 fuit,
1267 2414 1423 2453 cultum
1457 2414 1644 2465 impense
1666 2413 1783 2459 fovit,

223 2494 264 2524 et
295 2485 450 2536 ubique
482 2484 671 2536 gentium
705 2499 837 2536 usque
869 2485 921 2524 ad
955 2484 1064 2524 vitae
1098 2485 1252 2523 exitum
1286 2484 1550 2536 propagavit.

313 2555 387 2594 Vir
405 2556 547 2607 magni
565 2556 690 2594 animi
709 2565 749 2595 et
766 2555 1036 2602 constantiae,
1057 2570 1324 2607 quamquam,
1345 2564 1390 2595 ut
1409 2570 1534 2606 supra
1551 2555 1784 2600 docuimus,

225 2625 381 2664 viribus
414 2639 560 2676 parum
594 2626 722 2664 firmis
755 2627 959 2672 utebatur,
986 2626 1121 2672 nullis,
1147 2625 1188 2664 in
1212 2625 1291 2664 Dei
1325 2626 1483 2665 honore
1516 2634 1556 2664 et
1588 2624 1703 2676 vulgi
1727 2639 1788 2663 sa-

225 2695 310 2735 lute
342 2697 615 2747 procuranda,
649 2696 959 2736 difficultatibus
994 2697 1260 2735 obruebatur.
1297 2697 1442 2747 Itaque
1476 2710 1558 2735 non
1591 2695 1785 2734 horridae

226 2765 484 2812 solitudines,
519 2780 601 2805 non
635 2766 839 2805 montium
873 2766 1089 2805 cacumina
1132 2767 1315 2817 praealta
1352 2781 1398 2805 ac
1431 2775 1666 2817 praerupta,
1702 2779 1784 2804 non

227 2835 448 2875 fluviorum
481 2836 671 2883 altitudo,
716 2837 779 2876 vel
825 2837 1004 2888 impetus
1044 2851 1138 2876 eum
1182 2851 1205 2876 a
1243 2837 1461 2888 proposito
1509 2837 1785 2876 deterrebant.
