1926 3200
825 209 1058 244 —66—

154 314 291 365 magis
325 327 450 364 quam
494 320 615 351 antea
656 311 736 351 coli
779 312 1029 364 coepissent.
1066 314 1157 352 Hos
1196 313 1302 352 inter
1335 314 1447 353 fuere
1480 315 1726 354 Franciscus

156 387 340 432 Manera,
377 384 552 424 Carolus
576 385 786 430 Grossius,
814 385 941 424 Isa'l'as
966 385 1257 431 Carminatius,
1284 386 1491 426 Henricus
1524 387 1720 433 Nonius,

154 457 367 496 Antonius
400 456 650 507 Angelinius
689 465 729 495 et
768 457 915 495 Petrus
950 457 1182 496 Barberius.
1211 458 1302 496 Pari
1346 458 1474 497 modo
1516 458 1725 498 Antonius

156 527 431 574 Brescianius,
467 527 537 578 qui
572 527 611 565 in
641 527 787 566 litteris
812 527 957 566 italicis
980 527 1212 579 principem
1236 528 1373 567 locum
1398 529 1623 576 obtinebat,
1652 543 1727 580 per

154 600 331 650 longum
366 598 594 637 admodum
633 607 799 649 tempus
839 598 878 636 in
917 598 1132 649 provincia
1169 599 1395 638 taurinensi
1428 608 1491 639 est
1523 608 1725 639 versatus

158 670 241 721 Qui
290 684 436 709 omnes
485 669 830 720 praestantissimi
864 684 887 708 a
920 670 1078 709 cunctis
1127 684 1255 721 quum
1300 670 1562 717 haberentur,
1598 670 1727 709 nihilo

155 750 296 781 tamen
330 741 464 780 secius
498 741 699 779 Mininius
732 742 838 780 adeo
871 750 912 780 et
945 741 1034 792 ipse
1057 750 1268 792 praestare
1297 750 1360 781 est
1392 742 1518 788 visus,
1555 750 1599 782 ut
1623 743 1728 781 inter

156 813 407 864 praecipuos
440 813 738 851 adnumeratus
772 813 835 852 sit.
873 813 1019 864 Itaque
1041 813 1129 852 eius
1152 814 1203 852 ab
1227 814 1328 852 urbe
1361 813 1545 853 Taurino
1579 814 1728 853 disces-

155 898 248 923 sum
283 898 429 923 onmes
462 884 692 923 litterarum
726 885 907 923 cultores
931 884 1225 923 molestissime
1249 885 1446 931 tulerunt,
1472 894 1512 924 et
1543 885 1727 924 Viottius

156 970 299 1007 eques,
346 955 450 1007 regii
494 955 700 994 Athenaei
744 969 903 1001 censor,
940 955 1011 1006 qui
1045 970 1140 995 eum
1173 970 1272 1007 prae
1305 957 1478 996 caeteris
1511 956 1725 1007 diligebat,

156 1027 321 1079 magnis
354 1028 408 1066 ob
441 1027 548 1066 hanc
580 1041 747 1066 causam
781 1027 961 1078 querelis
996 1029 1247 1067 Nostrorum
1281 1042 1401 1067 aures
1435 1027 1623 1079 implevit
1646 1029 1724 1079 (3).

247 1098 357 1137 Hinc
391 1098 590 1137 Mininius
615 1099 795 1137 Romam
819 1107 882 1137 est
905 1107 1089 1145 vocatus,
1116 1107 1172 1145 ut,
1204 1099 1441 1150 theologiae
1475 1099 1724 1138 curriculum

155 1183 364 1216 emensus,
400 1169 680 1208 sacerdotium
721 1169 854 1208 iniret.
896 1170 992 1220 Quo
1038 1169 1152 1216 inito,
1189 1170 1337 1209 iterum
1376 1170 1606 1209 rhetoricae
1648 1179 1725 1210 tra-

153 1241 316 1280 dendae
335 1241 572 1291 complures
595 1254 726 1279 annos
746 1240 786 1278 in
806 1240 998 1292 Collegio
1020 1241 1226 1287 Romano,
1252 1249 1293 1280 et
1316 1239 1426 1288 alibi,
1450 1241 1634 1280 animum
1658 1242 1724 1280 ad-

155 1311 268 1355 iecit:
293 1320 334 1350 et
358 1311 616 1350 loachimum
637 1311 842 1357 Peccium,
868 1311 938 1362 qui
957 1319 1103 1362 postea
1125 1312 1178 1350 ad
1200 1326 1409 1350 summum
1431 1312 1722 1351 Pontificatum

151 1391 322 1421 evectus
356 1390 430 1429 est,
465 1381 716 1433 discipulum
751 1382 906 1421 habuit.
944 1382 1086 1425 Porro,
1113 1391 1157 1421 ut
1181 1382 1495 1422 incommodum
1526 1397 1549 1421 a
1581 1383 1724 1422 Tauri-

154 1454 353 1492 nensibus
401 1461 618 1504 acceptum
667 1453 900 1499 sarciretur,
947 1466 1030 1492 non
1064 1454 1191 1492 modo
1225 1453 1454 1492 Taurinum
1488 1453 1626 1493 denuo
1661 1462 1722 1493 est

155 1525 320 1569 missus,
361 1524 434 1563 sed
472 1524 597 1563 etiam
636 1524 676 1562 in
717 1524 980 1563 Provinciam
1020 1525 1313 1571 taurinensem,
1353 1539 1459 1576 quae
1497 1539 1519 1563 a
1552 1539 1722 1564 romana

153 1595 361 1634 disiuncta
384 1603 483 1640 erat,
509 1604 713 1646 perpetuo
737 1604 798 1634 est
817 1604 1050 1646 cooptatus.
1078 1595 1361 1634 Nihilominus
1385 1596 1490 1634 hanc
1514 1595 1555 1634 in
1578 1597 1722 1635 urbem

151 1676 214 1706 est
248 1680 476 1718 regressus,
512 1680 595 1705 non
619 1675 663 1705 ut
687 1666 910 1712 rhetorem,
937 1667 1021 1712 sed,
1048 1667 1162 1718 quod
1186 1666 1316 1718 pluris
1339 1675 1413 1711 est,
1440 1675 1484 1706 ut
1512 1675 1720 1706 oratorem

154 1746 311 1789 ageret.
348 1738 444 1788 Quo
468 1738 508 1776 in
533 1751 704 1776 munere
727 1737 816 1776 eius
840 1737 972 1777 virtus
994 1738 1143 1777 clarior
1166 1752 1212 1777 ac
1235 1737 1426 1777 testatior
1458 1751 1548 1776 esse
1570 1738 1721 1789 coepit;

153 1809 365 1860 siquidem
399 1809 451 1848 ad
483 1818 613 1848 artem
648 1810 753 1848 bene
786 1809 950 1848 dicendi
984 1824 1067 1848 non
1102 1810 1237 1848 minus
1275 1809 1561 1856 exercendam,
1597 1824 1721 1861 quam

154 1881 415 1925 tradendam,
451 1895 473 1919 a
507 1889 653 1919 natura
687 1881 899 1920 institutus
933 1890 1033 1920 erat.
1069 1882 1116 1920 In
1151 1881 1308 1932 templo
1341 1881 1590 1920 Sanctorum
1615 1881 1721 1919 Mar-

154 1961 294 2002 tyrum
329 1952 398 1990 diu
432 1952 549 1991 statis
583 1951 729 1991 diebus
762 1952 814 1991 ad
846 1952 1051 2003 populum
1096 1966 1172 2004 pro
1215 1961 1421 2003 suggestu
1454 1953 1579 1991 verba
1613 1952 1719 1998 fecit,

153 2031 194 2062 et
217 2037 326 2062 anno
361 2034 652 2069 MDCCCXLIII,
684 2038 706 2062 a
730 2024 882 2063 Carolo
906 2024 1081 2062 Alberto
1115 2037 1214 2075 rege
1248 2032 1309 2062 est
1342 2024 1540 2069 adlectus,
1576 2022 1646 2073 qui
1680 2023 1719 2061 in

154 2094 337 2132 maximo
370 2095 589 2143 Augustae
622 2094 903 2133 Taurinorum
948 2095 1117 2145 templo,
1163 2109 1236 2145 per
1273 2094 1395 2133 ferias
1428 2094 1720 2145 quadragenas

154 2164 309 2204 ieiunio
342 2179 492 2212 sacras,
528 2166 858 2204 concionaretur.
884 2165 1132 2216 Utrobique,
1159 2179 1313 2217 magno
1337 2165 1462 2204 animi
1496 2164 1655 2210 ardore,
1681 2173 1721 2202 et

151 2236 452 2275 sententiarum
487 2237 664 2283 delectu,
689 2236 741 2275 ad
763 2237 1109 2276 confertissimam
1144 2237 1451 2275 multitudinem
1484 2249 1717 2274 sermonem

155 2307 313 2346 habuit.
349 2307 456 2346 Cum
491 2307 660 2346 Tiberio
693 2307 902 2359 Sagrinio,
939 2308 1021 2358 qui,
1048 2307 1187 2358 prouti
1212 2322 1338 2358 supra
1361 2307 1401 2345 in
1425 2307 1547 2345 huius
1580 2306 1719 2357 elogio

150 2377 383 2428 attigimus,
419 2392 493 2429 per
527 2379 635 2417 idem
669 2388 848 2430 tempus,
874 2378 1005 2417 divini
1029 2379 1144 2417 verbi
1169 2392 1320 2429 praeco
1353 2378 1718 2428 eloquentissimus

151 2449 352 2494 exstabat,
388 2463 528 2487 sacrae
561 2449 824 2500 eloquentiae
857 2449 1137 2500 principatum
1185 2448 1377 2494 obtinuit,
1413 2457 1469 2493 ut,
1515 2457 1606 2488 uter
1638 2448 1717 2487 utri

152 2527 394 2569 praestaret,
430 2520 469 2558 in
502 2520 671 2570 ancipiti
720 2528 958 2571 poneretur.
1011 2521 1072 2558 Ita
1120 2520 1273 2558 factum
1322 2528 1396 2565 est,
1446 2528 1490 2558 ut
1523 2520 1717 2559 doctores

152 2589 288 2628 eidem
322 2590 586 2641 eloquentiae
610 2591 836 2629 tradendae
870 2591 910 2629 in
946 2591 1147 2642 Ephebeo
1171 2590 1430 2637 Taurinensi,
1466 2591 1531 2629 cui
1564 2605 1716 2630 nomen

150 2660 379 2699 Convictus
414 2661 740 2708 Ecclesiasticus,
777 2670 952 2713 uterque
985 2662 1291 2713 adlegerentur.

242 2732 516 2770 Postmodum
541 2733 732 2772 Genuam
761 2733 997 2779 contendit;
1034 2733 1174 2784 ibique
1197 2733 1398 2771 nobilium
1433 2741 1714 2772 matronarum

148 2808 314 2839 coetum
338 2801 390 2839 ad
414 2801 611 2851 pietatem
634 2802 833 2849 excoluit;
860 2802 1007 2841 iudicis
1030 2812 1146 2841 extra
1163 2803 1373 2852 synodum
1393 2802 1573 2841 officium
1598 2802 1713 2848 obiit;

149 2871 217 2921 pia
250 2871 358 2910 beati
395 2872 527 2911 Patris
566 2873 718 2923 Ignatii
762 2874 1014 2912 documenta
1047 2873 1157 2912 clero
1191 2874 1448 2924 explanavit3
1484 2887 1620 2912 sacras
1655 2873 1715 2912 lit-
