1926 3200
886 229 1151 265 —160—

231 331 339 370 dinis
372 340 433 371 est
466 332 784 375 demandatum:
821 332 934 383 quod
968 332 1000 371 is
1034 332 1178 383 utique
1212 340 1321 371 esset
1359 346 1598 383 aggressus,
1634 333 1711 372 nisi
1744 341 1802 372 ta—

228 403 434 442 bularium
476 403 664 442 eiusdem
704 403 944 449 Societati5‚
985 412 1223 454 temporum
1258 403 1494 454 asperitate,
1529 412 1701 455 repente
1734 419 1800 444 oc-

232 474 354 519 cludi,
390 466 690 526 obsi'gnarique
725 489 833 526 opus
866 474 1025 513 fuisset.

322 546 448 584 Anno
497 556 838 592 MDCCCLXXVH,
890 546 1046 584 Ioanne
1096 544 1344 587 Pierallinio,
1396 559 1506 584 novo
1556 546 1803 585 Senensium

233 617 562 668 archiepiscopo,
583 631 660 668 pro
679 617 837 656 viribus
856 616 1097 663 obsistente,
1125 616 1327 655 Baronius
1352 616 1391 655 in
1410 630 1526 655 suam
1546 617 1803 668 provinciam

234 695 467 731 revocatus,
505 687 748 739 praeposito
782 687 1027 739 provinciali
1061 687 1198 726 socius
1232 687 1407 739 obtigit3
1443 687 1656 739 illumque,
1696 702 1807 727 anno

234 758 483 809 insequenti,
520 758 560 796 in
593 758 740 797 eadem
785 758 999 809 provincia
1043 758 1300 796 moderanda
1334 758 1524 809 excipere
1557 767 1620 797 est
1653 758 1801 797 iussus.

234 830 345 868 Tum
378 843 478 869 vero
512 830 733 882 cognitum
767 838 842 876 est,
879 837 1083 880 quantum
1117 829 1206 868 eius
1254 829 1380 868 animi
1429 829 1627 869 demissio
1660 830 1810 869 ceteris

233 900 450 940 antistaret
482 900 719 940 virtutibus.
756 902 795 939 Is
830 914 992 951 nempe,
1028 899 1099 951 qui
1133 900 1326 939 omnibus
1359 901 1543 947 subesse,
1579 915 1704 952 quarn
1738 901 1804 940 vel

232 972 302 1011 uni
326 986 532 1023 praeesse,
558 981 763 1023 perpetuo
782 972 1022 1019 studuisset,
1043 972 1198 1011 nullam
1223 985 1307 1011 non
1330 971 1521 1011 adhibuit
1540 972 1801 1020 industriam,

234 1058 285 1082 ne
319 1044 503 1083 delatum
547 1044 751 1083 honorem
796 1044 941 1082 adiret.
987 1044 1055 1089 At,
1102 1052 1297 1094 suscepto
1331 1058 1381 1082 ex
1430 1044 1518 1095 ipsa
1566 1044 1807 1084 obedientia

236 1129 421 1161 munere,
457 1114 698 1166 provinciae
732 1115 953 1166 imperium
987 1114 1211 1153 triennium
1254 1114 1427 1153 feliciter
1464 1115 1658 1154 obtinuit.
1693 1116 1808 1154 Inter

235 1195 373 1225 cetera
405 1187 456 1224 ab
490 1200 540 1225 eo
573 1186 784 1237 praeclare
818 1187 897 1225 hoc
920 1195 1110 1237 tempore
1133 1194 1306 1237 patrata,
1336 1200 1488 1225 novam
1522 1187 1707 1232 domum,
1732 1201 1806 1226 seu

236 1257 538 1299 Residentiam,
565 1257 624 1296 uti
648 1271 725 1296 nos
748 1257 1018 1308 appellamus,
1044 1257 1198 1296 nostris
1222 1257 1435 1296 sodalibus
1460 1256 1499 1295 in
1524 1258 1625 1296 urbe
1649 1258 1805 1297 Sancto

240 1329 423 1368 Romulo
458 1329 615 1374 statuit,
652 1337 692 1368 et
725 1329 802 1368 sub
835 1328 946 1367 exitu
990 1328 1217 1379 regiminis,
1261 1328 1371 1367 Patri
1404 1328 1567 1367 Aloisio
1601 1329 1808 1368 Sammar-

239 1399 371 1443 zanio,
407 1400 478 1451 qui
512 1400 563 1439 de
586 1414 742 1452 magno
767 1400 945 1451 collegio
968 1400 1187 1450 Augustae
1211 1399 1490 1443 Taurinorum
1514 1400 1808 1439 constituendo

239 1471 467 1522 cogitabat,
503 1471 677 1510 consilio
710 1472 901 1522 probato,
937 1471 1128 1510 stimulos
1162 1470 1322 1515 adiecit,
1367 1470 1605 1522 auxilioque
1638 1470 1725 1517 suit,
1761 1478 1807 1510 ut

237 1555 324 1580 rem
359 1542 587 1592 perficeret.
615 1542 733 1593 Quae
757 1556 821 1580 res
855 1542 1127 1592 postmodum
1151 1541 1433 1580 felicissimum
1458 1549 1653 1580 eventum
1687 1549 1808 1580 nacta

235 1620 309 1651 est.
346 1612 545 1651 Triennio
581 1621 739 1655 exacto,
787 1612 1077 1663 Praepositum
1122 1612 1370 1651 Generalem
1403 1611 1523 1650 enixe
1547 1611 1724 1663 rogavit,
1760 1620 1806 1651 ut

234 1684 371 1723 denuo
406 1693 527 1726 esset,
564 1684 635 1735 qui
669 1684 831 1726 fuisset:
876 1684 908 1722 is
952 1684 1160 1730 nimirum,
1197 1683 1266 1734 qui
1316 1683 1416 1722 nulli
1450 1683 1685 1734 imperaret,
1730 1683 1805 1723 sed

231 1755 390 1794 cunctis
424 1764 599 1806 pareret.
636 1756 794 1794 Tamen
829 1769 1002 1794 suorum
1035 1755 1255 1798 sodalium,
1282 1755 1352 1806 qui
1386 1755 1571 1801 Genuae,
1596 1754 1693 1794 dein
1726 1755 1799 1807 qui

234 1826 419 1867 Taurini.
446 1835 571 1877 atque
597 1826 746 1865 iterum
771 1826 841 1877 qui
867 1826 1040 1866 Genuae
1063 1827 1279 1878 degerent,
1305 1826 1546 1865 moderator
1569 1834 1630 1865 est
1654 1826 1802 1865 dictus.

234 1897 362 1938 Gravi
397 1898 544 1937 morbo
574 1906 804 1949 correptus,
843 1898 1027 1937 Dianum
1061 1898 1101 1936 in
1149 1897 1327 1949 patriam
1376 1911 1506 1941 suam,
1542 1897 1800 1936 medicorum

233 1968 421 2012 consilio,
458 1969 640 2013 secessit,
676 1968 708 2007 si
742 1969 848 2008 forte
883 1969 1168 2008 revalesceret.
1206 1969 1348 2020 Quum
1382 1968 1623 2007 meliuscule
1656 1982 1700 2007 se
1732 1969 1811 2007 ha—

235 2041 331 2079 bere
365 2039 584 2090 coepisset,
622 2040 723 2078 haec
767 2040 818 2078 ad
862 2040 1027 2079 sodales
1061 2039 1243 2078 carmina
1276 2053 1350 2090 per
1382 2039 1539 2078 litteras
1573 2039 1706 2078 misit:

413 2129 597 2168 Pectoris
629 2134 668 2168 ct
697 2131 854 2180 capz'fl's,
893 2132 932 2167 si
961 2131 1173 2180 quaesistis.
1213 2127 1352 2168 omnia
1386 2134 1514 2170 J'ecz‘c:

482 2201 621 2239 Crura
655 2206 790 2239 lamen
825 2206 985 2246 nudans,
1024 2202 1286 2252 afficiamque
1319 2203 1566 2251 ncgantoe).

236 2288 389 2327 Iisdem
426 2289 653 2332 sodalibus,
690 2289 790 2328 haec
824 2298 1036 2340 postrema
1060 2289 1327 2328 vehementer
1352 2288 1644 2329 indolentibus,
1680 2288 1808 2326 breve

232 2369 329 2411 post
363 2368 529 2411 tempus
562 2360 617 2399 ita
652 2360 888 2411 rescripsit:

405 2449 596 2499 Denique
628 2451 732 2487 laeta
766 2462 889 2491 ccmo,-
924 2462 1032 2487 manc
1065 2462 1217 2487 rursus
1249 2462 1376 2486 cram
1410 2449 1630 2491 vz'rescmzf,

462 2520 519 2558 Es
550 2521 641 2558 licet
670 2524 850 2570 opfasczm
884 2521 1050 2571 longius
1083 2522 1145 2558 ire
1176 2521 1300 2558 viam.

234 2608 318 2647 Sed
351 2609 499 2647 morbo
538 2609 866 2654 recrudescente,
907 2622 1016 2647 anno
1059 2608 1204 2647 aetatis
1248 2607 1675 2658 undeseptuagesimo
1708 2607 1802 2657 plus

234 2679 382 2723 minus,
420 2679 473 2717 ibi
509 2688 687 2735 mortem
722 2679 837 2725 obiit,
873 2679 942 2718 ubi
977 2679 1105 2718 vitam
1140 2679 1298 2718 inierat.

325 2750 362 2787 Is
397 2750 471 2788 fuit
505 2749 593 2788 eius
627 2750 735 2788 vitae
769 2764 912 2788 cursus
946 2750 1214 2801 praeciputis;
1261 2749 1376 2788 cuius
1424 2758 1564 2787 tamen
1598 2748 1703 2787 ratio
1737 2762 1802 2787 cu-

234 2820 429 2859 mulatius
462 2829 524 2859 est
557 2820 813 2871 explicanda,
864 2834 948 2871 quo
996 2820 1083 2859 eius
1132 2820 1262 2859 virtus
1311 2819 1460 2858 clarius
1509 2820 1679 2858 eluceat.
1716 2819 1796 2857 Dei

237 2891 396 2940 gloriae
421 2900 460 2929 et
484 2891 701 2929 hominum
727 2891 870 2930 salutis
894 2890 1226 2930 studiosissimus
1250 2890 1336 2933 suit,
1364 2899 1489 2941 atque
1513 2890 1616 2928 adeo
1650 2889 1804 2928 laboris
