1926 3200
965 805 1062 843 XII.

700 1006 1061 1056 {OSEPHVS
1114 1006 1334 1054 PARlA

234 1369 407 1476 VIRI
441 1367 626 1416 elogium
660 1366 897 1415 adgredimn
933 1366 1003 1416 qui
1039 1365 1078 1402 in
1112 1365 1272 1409 litteris,
1308 1379 1352 1403 ac
1398 1364 1640 1414 pracsertim
1676 1364 1715 1401 in
1750 1377 1792 1402 re

371 1437 641 1488 grammatica
664 1437 867 1474 maximus
891 1436 978 1475 fuit.
1004 1436 1123 1474 Vitae
1146 1435 1271 1473 limen
1295 1444 1354 1474 est
1381 1435 1593 1486 ingressus
1620 1435 1793 1473 Paucae-

235 1509 375 1559 paleae
410 1508 449 1546 in
483 1508 734 1559 Subalpinis,
770 1521 878 1545 anno
912 1508 1117 1545 humanae
1140 1506 1282 1545 salutis
1307 1517 1559 1545 MDCCCXIV.
1593 1505 1791 1556 Brayclae‚

235 1580 422 1630 proxima
456 1580 495 1617 in
528 1580 640 1621 urbe.
673 1579 819 1618 litteris
852 1580 902 1617 ab
938 1579 1104 1617 ineunte
1127 1587 1261 1617 aetate
1284 1587 1346 1617 est
1379 1578 1579 1623 eruditus,
1605 1586 1645 1616 et
1667 1591 1793 1628 quan-

235 1658 322 1689 tum
357 1650 396 1687 in
430 1650 478 1687 iis
511 1658 620 1688 esset
653 1663 965 1700 progressurus.
992 1658 1151 1688 mature
1177 1649 1401 1700 portendit.
1428 1649 1527 1687 Erat
1557 1647 1665 1686 enim
1690 1647 1794 1686 litte-

236 1735 372 1759 rarum
406 1720 712 1771 cupidissimus,
749 1729 962 1771 praestans
997 1720 1165 1770 ingenio
1207 1730 1247 1759 et
1280 1720 1462 1759 desidiae
1495 1733 1603 1761 osor,
1646 1728 1689 1757 ut
1728 1719 1793 1757 vel

236 1791 452 1829 minimum
487 1791 686 1841 temporis
710 1791 928 1829 articulum
953 1790 1054 1829 lucri
1078 1791 1240 1829 faceret.
1268 1791 1413 1841 Itaque
1445 1791 1687 1841 aequalibus
1711 1790 1793 1840 pal-

234 1876 343 1899 mam
377 1871 580 1912 perpetuo
604 1861 844 1911 praeripuit.
870 1861 936 1899 Ad
960 1861 1212 1900 Societatem
1237 1871 1421 1900 nostram
1455 1861 1628 1900 accessit
1651 1860 1791 1899 Cherii

235 1931 274 1969 in
309 1932 513 1974 Taurinis,
548 1946 678 1970 annos
712 1942 832 1970 natus
862 1932 1135 1983 undeviginti.
1172 1932 1382 1971 Tirocinio
1415 1932 1579 1983 pietatis
1603 1932 1790 1970 nondum

235 2002 355 2052 plane
389 2002 538 2052 posito.
591 2003 739 2040 Isa‘i'am
788 2003 1101 2044 Carminatium.
1152 2004 1360 2042 rhetorem
1401 2002 1788 2054 praeclarissi1mun,

235 2082 379 2111 nactus
426 2082 488 2111 est
536 2082 860 2123 praeceptorem.
896 2082 937 2112 et
970 2088 1222 2124 quamquam
1271 2087 1423 2112 annum
1457 2073 1628 2112 omnino
1661 2086 1789 2110 unum

235 2157 328 2181 eum
362 2143 532 2186 audivit„
583 2154 720 2182 tamen
764 2144 852 2183 eius
901 2155 996 2183 vota
1045 2144 1098 2183 ita
1131 2144 1323 2194 explevit,
1360 2153 1404 2183 ut
1437 2143 1789 2194 exspectationem

234 2214 360 2264 longe
379 2214 647 2264 superaverit.
670 2215 893 2253 Enimvero
918 2215 1218 2254 Carminatium
1244 2215 1377 2265 ipsum
1404 2214 1443 2252 in
1462 2214 1607 2253 litteris
1630 2213 1790 2264 graecis

233 2292 273 2322 et
306 2284 442 2323 latinis
475 2285 591 2323 facile
624 2294 686 2324 est
718 2295 950 2327 assecutus:
987 2285 1025 2323 in
1061 2285 1206 2324 italicis
1238 2299 1337 2324 vero
1366 2285 1523 2336 oppido
1556 2284 1788 2323 antecessit.

323 2356 606 2406 Quamobrem
626 2356 843 2395 confestim
869 2370 950 2395 non
975 2356 1284 2406 grammaticus,
1310 2356 1382 2394 sed
1406 2356 1546 2394 rhetor
1565 2354 1789 2393 Novariam

233 2434 296 2463 est
329 2425 501 2468 missus:
537 2426 677 2477 ibique
726 2427 1026 2465 mansuetiores
1074 2440 1212 2465 musas
1261 2426 1472 2465 biennium
1512 2440 1663 2475 magna
1696 2439 1790 2464 cum

232 2496 354 2534 laude
387 2497 542 2536 docuit.
578 2498 763 2536 Subinde
797 2498 1025 2536 Taurinum
1060 2497 1285 2541 contendit,
1331 2506 1375 2536 ut
1408 2497 1642 2536 scholarum
1677 2510 1790 2547 prae-

233 2567 431 2606 fecturam
485 2568 629 2607 obiret.
685 2570 791 2607 Tum
848 2569 1008 2610 iunior,
1065 2582 1198 2619 neque
1250 2569 1350 2607 dum
1403 2568 1529 2607 sacris
1583 2568 1788 2613 initiatus,

236 2637 275 2675 in
329 2639 429 2677 urbe
479 2639 631 2677 Cherio
685 2640 896 2678 sodalibus
950 2639 1178 2677 iunioribus
1232 2625 1468 2690 provinciae
1522 2638 1790 2677 Taurinensis

236 2708 375 2747 rhetor
407 2709 540 2753 datus,
575 2710 627 2748 ad
666 2724 831 2749 omnem
871 2724 941 2748 eos
980 2710 1278 2748 humanitatem
1317 2710 1600 2749 sollertissime
1633 2709 1787 2748 eduxit.

237 2779 404 2830 Quippe
438 2780 537 2818 nihil
571 2781 869 2831 elegantiarum
904 2795 985 2818 non
1020 2790 1202 2826 noverat,
1238 2790 1278 2820 et
1311 2781 1607 2819 reconditiores
1640 2781 1790 2819 littera—

238 2863 326 2887 rum
376 2850 705 2900 pulchritudines
754 2852 873 2902 plane
922 2861 1160 2902 perspectas
1210 2853 1398 2891 habebat.
1452 2853 1527 2891 Per
1578 2853 1616 2891 id
1661 2853 1788 2891 ferme
