1926 3200
871 271 1132 308 —186—

212 376 410 427 degebat,
452 375 673 414 Albertum
718 375 857 414 Caroli
897 376 958 414 III
1004 375 1348 414 Monoecensium
1391 375 1594 426 Principis
1639 375 1784 423 filium,

213 446 436 486 mathesim
470 446 635 493 docuit:
676 446 848 485 Genuae
890 460 990 485 vero
1034 460 1130 485 cum
1173 447 1427 493 morabatur,
1473 447 1695 485 conciones
1740 447 1780 485 in

212 518 373 568 templo
408 516 550 556 Sancti
586 517 681 568 Syri
715 517 859 556 habuit
892 517 1042 556 diebus
1075 517 1317 560 dominicis:
1352 517 1548 569 idemque
1582 518 1789 568 praestitit

213 588 389 627 Taurini
423 587 463 625 in
497 588 650 626 sacello
692 588 927 627 sodalitatis
965 602 987 626 a
1021 588 1176 627 Sancto
1222 589 1350 627 Paulo
1388 589 1600 640 Apostolo
1633 603 1789 628 nuncu-

213 670 349 711 patae.
406 658 485 697 His
529 659 639 697 enim
674 659 714 697 in
757 659 929 698 urbibus
982 659 1142 710 aliquot
1196 674 1327 698 annos
1387 659 1585 699 constitit.
1637 661 1788 711 Neque

216 740 356 770 tamen
381 729 668 781 Scriptoribus
697 731 918 769 Civilitatis
952 731 1185 769 Catholicae
1217 745 1388 782 operam
1423 745 1540 770 suam
1574 740 1788 782 praestare

213 816 399 853 unquam
422 801 596 840 destitit.
623 802 840 841 Praeterea
862 802 976 853 apud
999 816 1071 841 eos
1094 802 1373 841 bibliothecae
1397 810 1437 841 et
1460 802 1650 841 tabularii
1675 816 1791 853 prae-

219 874 423 912 fecturam
459 872 576 911 obiit.

302 945 412 983 Tum
445 944 617 982 demum
640 958 663 982 a
686 944 908 983 scribendo
931 944 1144 991 abstinuit,
1172 959 1302 996 quum
1327 944 1483 984 scilicet
1518 945 1557 983 in
1581 953 1784 991 extremo,

213 1029 349 1067 eoque
382 1014 654 1053 acerbissimo
688 1016 850 1061 morbo,
886 1029 1011 1066 quem
1045 1015 1270 1067 tranquillo
1305 1029 1438 1066 usque
1471 1015 1612 1054 animo
1661 1024 1787 1066 atque

214 1101 286 1125 ore
320 1085 526 1125 renidenti
560 1095 623 1125 est
646 1100 883 1137 perpessus,
909 1087 1113 1125 calamum
1136 1101 1158 1126 e
1182 1101 1306 1125 manu
1331 1086 1608 1133 decidentem,
1645 1088 1786 1126 denuo

213 1159 409 1209 arripere,
446 1158 601 1196 nedum
634 1158 788 1197 ducere
821 1173 905 1198 non
938 1158 1089 1210 potuit.
1123 1159 1162 1197 A
1197 1159 1338 1197 Leone
1372 1159 1491 1202 XIII,
1527 1159 1703 1197 Summo
1727 1173 1788 1197 sa-

214 1244 380 1269 crorum
400 1229 614 1275 Antistite‚
640 1230 789 1269 studiis
811 1230 1021 1269 historicis
1046 1230 1328 1281 provehendis
1353 1229 1393 1268 in
1417 1230 1531 1269 Urbe
1555 1231 1783 1275 consultor,

214 1311 254 1340 et
287 1316 309 1340 a
343 1302 479 1340 Coetu
515 1301 789 1340 Londiniensi
822 1302 1132 1353 Archeologiae
1155 1301 1330 1340 biblicae
1354 1302 1618 1347 excolendae,
1644 1301 1784 1339 socius

213 1382 275 1412 est
309 1372 588 1412 renunciatus.
624 1372 768 1411 Nihilo
802 1373 952 1418 minus,
998 1388 1127 1424 quum
1171 1373 1274 1412 tanti
1319 1373 1435 1411 fieret
1478 1374 1529 1411 ab
1572 1372 1783 1419 omnibus,

216 1460 323 1483 unus
358 1445 447 1495 ipse
480 1459 524 1483 se
561 1445 770 1496 despexit:
806 1459 942 1496 neque
990 1446 1041 1483 ab
1090 1445 1174 1483 ullo
1223 1458 1407 1495 unquam
1457 1444 1509 1482 de
1543 1458 1599 1489 se,
1635 1444 1699 1482 vel
1733 1444 1787 1481 de

217 1517 340 1554 rebus
374 1514 459 1553 suis
494 1515 621 1553 verba
653 1515 787 1554 facere
809 1525 871 1555 est
905 1515 1085 1554 auditus.
1113 1516 1147 1553 E
1170 1515 1253 1554 vita
1277 1514 1400 1553 cessit
1428 1515 1590 1553 Romae
1624 1521 1787 1564 septua-

216 1587 388 1639 genario
423 1587 574 1629 maior:
610 1601 685 1625 nec
718 1588 826 1626 ullus
860 1588 900 1626 in
934 1587 1159 1626 christiana
1191 1601 1238 1625 ac
1261 1585 1460 1625 litteraria
1494 1585 1707 1636 republica
1746 1599 1788 1623 u·

215 1658 378 1697 niversa
412 1667 496 1696 tam
531 1658 729 1708 praeclari
765 1659 980 1709 scriptoris
1013 1658 1225 1696 desiderio
1258 1657 1410 1695 modus
1444 1657 1519 1695 fuit
1544 1661 1620 1702 (2).
