1926 3200
406 56 630 100 mm
661 42 923 92 <mm
953 30 1215 95 numu

473 126 781 178 woman
816 122 962 169 Hm„
993 118 1153 159 uitae.

889 842 964 880 III.

583 1031 827 1099 {SAi‘As
874 1046 1284 1096 eARwNATi

160 1413 323 1521 HIC
356 1410 463 1448 adeo
495 1415 712 1459 praestans
744 1406 831 1452 fuit,
867 1413 912 1444 ut
958 1405 998 1443 in
1046 1404 1134 1443 eius
1166 1403 1360 1442 laudibus
1402 1404 1484 1442 sint
1526 1402 1710 1454 ponendi

308 1479 496 1532 plerique
527 1478 704 1524 sodales,
754 1490 933 1528 quorum
983 1475 1023 1513 in
1055 1475 1135 1513 hoc
1182 1474 1321 1513 libello
1355 1482 1519 1512 exstant
1560 1473 1710 1524 elogia.

151 1553 319 1604 Quippe
356 1552 407 1590 ab
450 1564 500 1589 eo
542 1549 690 1588 litteris
732 1556 829 1587 sunt
872 1546 1067 1593 instituti;
1112 1546 1312 1597 quodque
1361 1544 1541 1584 nominis
1584 1544 1711 1583 decus

150 1624 191 1663 in
223 1624 287 1663 his
319 1621 460 1673 adepti
492 1628 600 1668 sunt,
635 1621 714 1659 hoc
747 1619 783 1658 ei
822 1619 909 1657 iure
942 1618 1171 1657 retulerunt
1213 1624 1442 1667 acceptum.
1482 1617 1714 1666 Bergomas

150 1695 238 1742 fuit,
258 1702 299 1734 et
315 1691 619 1732 honestissimis
643 1699 758 1730 ortus
782 1689 1023 1741 parentibus
1041 1702 1150 1727 anno
1173 1687 1398 1726 christiano
1418 1697 1710 1726 MDCCXCVIH.

152 1766 211 1805 Ut
242 1765 283 1803 in
316 1763 568 1803 Societatem
601 1762 695 1800 Iesu
728 1760 1032 1799 adscriberetur
1064 1758 1183 1797 enixe
1216 1757 1455 1809 postulavit,
1490 1765 1530 1796 et
1559 1756 1714 1808 optatis

152 1845 215 1875 est
247 1835 404 1887 potitus
437 1833 522 1872 suis
554 1834 717 1871 Rornae
749 1845 799 1870 eo
832 1845 954 1877 anno,
989 1844 1073 1882 quo
1103 1830 1249 1869 eadem
1283 1844 1306 1868 a
1340 1829 1414 1868 Pio
1446 1829 1541 1875 VII,
1577 1828 1715 1867 Ponti-

152 1907 226 1946 fice
260 1906 457 1951 Maximo,
493 1904 534 1942 in
567 1903 778 1954 integrum
811 1910 873 1941 est
906 1901 1108 1940 restituta.

243 1976 469 2027 Iosephum
503 1973 777 2019 Petruccium,
802 1973 1019 2023 antiquum
1042 1971 1229 2010 eiusdem
1259 1971 1480 2011 Societatis
1513 1970 1712 2015 sodalem,

151 2047 501 2092 locupletissimae
533 2045 800 2090 litteraturae,
841 2043 1068 2095 magnique
1116 2042 1296 2081 nominis
1345 2042 1567 2087 rhetorem,
1602 2053 1717 2091 prae·

152 2127 366 2170 ceptorem
398 2116 562 2163 habuit;
597 2130 681 2167 quo
723 2123 961 2166 praeeunte,
997 2114 1101 2152 adeo
1149 2113 1276 2164 longe
1324 2112 1539 2164 processit,
1575 2119 1618 2150 ut
1651 2124 1717 2149 ve-

153 2189 380 2229 nustissimi
430 2187 587 2239 ingenii
635 2187 890 2231 adolescens,
941 2185 1021 2223 iam
1070 2198 1153 2223 non
1186 2183 1428 2234 discipulus,
1463 2183 1537 2221 sed
1569 2183 1717 2221 doctor

153 2260 285 2300 videri
333 2259 530 2310 potuerit.
580 2259 620 2297 Is
667 2257 776 2296 enim
825 2265 923 2301 erat,
974 2264 1018 2294 ut
1051 2255 1151 2293 nihil
1185 2254 1221 2293 ei
1254 2255 1430 2300 deesset,
1465 2267 1561 2304 quo,
1596 2253 1661 2291 vel
1693 2267 1717 2292 a

153 2340 310 2376 natura,
345 2330 410 2369 vel
443 2330 493 2368 ab
526 2337 613 2368 arte
646 2327 813 2379 ingenia
846 2326 1057 2365 informari
1091 2326 1240 2371 solent,
1275 2334 1315 2364 et
1349 2338 1455 2376 quae
1493 2324 1710 2370 condebat,

153 2401 335 2441 carmina
367 2400 600 2451 praecipue,
645 2399 774 2450 digna
816 2397 974 2449 oppido
1017 2404 1295 2441 censerentur,
1343 2409 1449 2446 quae
1488 2395 1527 2433 in
1561 2395 1713 2445 vulgus

154 2472 382 2524 prodirent.
409 2472 471 2510 Ex
492 2471 556 2509 his
579 2470 756 2521 elegiam
781 2469 961 2515 latinam,
987 2469 1039 2507 ad
1062 2468 1229 2506 laudem
1256 2466 1423 2505 Ioannis
1441 2465 1713 2511 VVoroniczii,

155 2542 493 2582 Cracoviensium
528 2541 738 2592 Episcopi,
788 2540 863 2579 viri
912 2538 1171 2584 nobilissimi,
1213 2546 1253 2577 et
1296 2546 1462 2576 nostrae
1494 2536 1716 2576 Societatis

155 2613 322 2659 alumni,
347 2613 581 2664 elegantem
604 2626 702 2650 sane
725 2619 766 2650 et
787 2610 1044 2655 concinnam,
1070 2609 1157 2647 eius
1191 2608 1478 2647 moderatores
1511 2607 1715 2646 edendam

155 2692 362 2723 curarunt.
398 2684 495 2734 Quo
527 2682 681 2721 factum
714 2690 787 2727 est,
824 2690 868 2720 ut
901 2694 1032 2719 annos
1070 2688 1191 2718 natus
1228 2678 1504 2729 undeviginti,
1540 2678 1717 2728 praecla-

156 2753 306 2793 rissimi
339 2753 444 2792 vatis
476 2753 627 2791 famam
660 2752 737 2791 sibi
770 2758 1047 2802 compararet.

245 2824 458 2862 Ferrariae
491 2823 760 2862 Dominicum
804 2821 1137 2866 Zecchinellium‚
1183 2819 1484 2871 philosophum
1523 2833 1544 2858 e
1576 2818 1720 2870 paucis

159 2894 440 2941 excellentem,
490 2893 667 2940 audivit;
718 2893 856 2944 ibique
904 2900 1050 2943 postea
1097 2891 1253 2930 litteras
1303 2890 1518 2940 politiores
1551 2889 1721 2928 tradidit
