1926 3200
804 245 857 248 —
899 233 1064 257 110—-

152 327 330 365 Nostros
364 325 579 376 cognitum
629 325 923 366 iudicaverant,
976 326 1014 363 in
1064 340 1154 364 eam
1188 325 1406 364 Americae
1458 334 1617 376 partem
1660 335 1721 364 est

154 397 318 438 missus.
370 410 476 447 quae
525 410 620 447 pars
670 395 920 435 Californiae
963 396 1135 439 adiacet,
1170 405 1210 435 et
1243 411 1265 435 a
1305 396 1519 435 Montibus
1554 397 1722 435 Saxosis

150 481 301 506 nomen
336 466 505 505 invenit.
542 467 699 517 Itaque,
736 467 851 517 quod
886 466 1042 505 iamdiu
1069 466 1108 504 in
1138 466 1246 505 votis
1272 467 1486 510 habuerat,
1523 467 1563 505 in
1597 467 1722 505 sacris

152 547 386 576 exterarum
421 537 609 588 gentium
644 538 908 576 missionibus
941 551 1031 576 esse
1064 537 1214 588 coepit.
1252 538 1309 577 Ut
1336 537 1515 588 primum
1549 538 1653 576 hanc
1683 538 1721 575 in

151 609 281 648 aciem
316 608 484 660 prodiit,
520 608 629 647 illico
663 608 889 647 fortissime
922 608 1136 654 dimicans,
1163 608 1379 660 egregiam
1418 623 1542 660 quam
1576 609 1724 647 consti-

152 688 287 719 tuerat
321 680 414 718 Iesu
448 679 696 730 Imperatori
730 693 807 718 suo
841 693 1011 730 operam
1055 679 1260 730 probavit.
1298 681 1389 718 Hac
1422 680 1472 718 de
1508 694 1643 725 causa,
1685 688 1724 718 et

153 751 268 802 quod
287 750 550 802 gubernandi
571 749 923 801 prudentissimus
942 759 1041 795 erat,
1063 750 1176 789 brevi
1195 759 1291 802 post
1310 759 1511 801 tempore,
1539 750 1724 789 omnium

153 821 359 861 sodalium
394 835 578 867 suorum,
614 821 685 872 qui
719 835 766 860 ea
800 821 840 859 in
874 821 1046 872 regione
1079 830 1354 865 versarentur,
1381 835 1548 872 praeses
1582 830 1643 860 est
1668 835 1725 859 re-

155 892 392 932 nunciatus
422 893 565 943 ,Quum
602 892 729 943 igitur
762 906 925 930 summa
948 906 1085 930 rerum
1110 892 1145 931 ei
1169 893 1305 931 delata
1328 901 1451 935 esset.
1488 892 1726 931 incredibile

155 964 268 1002 dictu
292 972 366 1009 est,
397 972 552 1014 quanta
585 963 738 1002 virtute
772 962 1030 1014 provinciam
1065 963 1175 1002 illam
1209 963 1584 1005 administraverit:
1624 973 1725 1014 quot

154 1035 311 1074 scilicet
343 1035 507 1073 labores
532 1034 773 1085 susceperit,
800 1034 982 1085 pericula
1005 1034 1164 1080 adierit,
1199 1043 1240 1073 et
1272 1035 1429 1074 fructus
1464 1034 1662 1073 retulerit.

247 1106 359 1145 Loca
392 1105 639 1149 vastissima,
675 1119 822 1156 aspera
854 1106 1064 1156 pleraque,
1110 1106 1304 1156 praealta,
1350 1115 1587 1156 praerupta,
1629 1106 1724 1156 gelu

158 1176 349 1228 rigentia,
386 1177 550 1216 nivibus
584 1177 797 1228 impervia,
823 1191 870 1215 ac
893 1177 1040 1215 belluis
1070 1176 1335 1216 ferocissimis
1360 1177 1519 1219 infesta,
1546 1191 1726 1227 quaqua-

159 1262 305 1286 versus
338 1247 591 1299 peragravit.
644 1248 850 1287 Homines
899 1248 1099 1291 intonsos,
1146 1247 1334 1292 incultos,
1370 1247 1574 1291 efferatos,
1611 1261 1725 1285 more

160 1320 369 1370 pecudum
404 1319 444 1358 in
478 1319 604 1363 silvis,
640 1319 704 1358 vel
738 1319 778 1357 in
813 1319 1018 1357 montium
1062 1319 1229 1357 latebris
1269 1318 1397 1357 vitam
1431 1318 1650 1369 agitantes,
1686 1326 1725 1356 et

157 1390 262 1428 bella
295 1399 497 1441 perpetua
531 1389 637 1429 inter
670 1404 714 1428 se
747 1398 953 1441 gerentes,
1004 1403 1112 1440 equo
1162 1389 1360 1435 invectus,
1396 1389 1460 1428 vel
1495 1389 1634 1440 pedes,
1671 1389 1725 1427 in-

156 1461 264 1508 visit,
300 1471 345 1501 ut
377 1476 460 1505 eos,
496 1461 653 1500 lustrali
702 1462 815 1501 fonte
864 1461 1071 1512 expiatos,
1113 1462 1206 1500 Iesu
1240 1461 1452 1500 Servatori
1486 1462 1724 1500 lucraretur.

157 1533 339 1584 Magnae
372 1533 534 1571 animae
567 1532 784 1584 prodigus,
811 1532 933 1571 nullis
957 1546 1139 1583 unquam
1163 1532 1474 1571 difficultatibus
1506 1541 1567 1570 est
1601 1532 1726 1582 impe-

157 1604 280 1649 ditus
316 1603 541 1655 quominus
575 1603 735 1642 muneri
768 1617 844 1642 suo
878 1603 1144 1642 satisfaceret.
1182 1604 1327 1654 Itaque
1362 1602 1401 1641 in
1441 1603 1579 1641 multis
1619 1602 1726 1641 vitae

158 1674 352 1725 periculis
385 1684 447 1714 est
480 1682 681 1713 versatus.
717 1675 857 1725 Quum
892 1674 990 1713 olim
1024 1674 1178 1712 fiumen
1222 1673 1469 1713 altissimum
1504 1673 1720 1715 traiiceret.

157 1760 290 1797 aquae
323 1747 489 1785 cumulo
523 1745 655 1797 glacie
694 1755 889 1784 concreto
923 1755 985 1784 est
1029 1745 1260 1796 impetitus,
1302 1754 1347 1784 ut
1389 1746 1598 1796 abreptus,
1646 1744 1724 1783 iam

158 1817 198 1856 in
232 1832 282 1856 eo
315 1827 435 1861 esset,
472 1826 516 1856 ut
549 1817 675 1856 vitam
701 1817 921 1856 amitteret.
947 1817 1003 1856 At
1026 1817 1135 1855 enim
1160 1816 1329 1867 quidam
1354 1816 1549 1867 indigena
1573 1830 1727 1866 magno

159 1888 298 1927 animo
332 1897 499 1939 praesto
533 1888 620 1932 fuit,
671 1897 711 1927 et
764 1887 1054 1927 semianimum
1104 1888 1143 1926 in
1182 1888 1291 1926 sicco
1335 1887 1561 1926 constituit.
1611 1886 1726 1925 Alias

161 1959 200 1998 in
234 1960 505 1999 barbarorum
556 1973 702 1998 manus
748 1959 902 2002 incidit,
939 1959 1009 2010 qui
1043 1973 1137 1997 eum
1172 1959 1224 1998 ad
1257 1958 1481 1997 ludibrium
1515 1967 1628 1997 veste
1662 1972 1726 1996 ex-

160 2031 404 2082 spoliarunt,
440 2039 480 2070 et
514 2032 619 2069 male
653 2031 878 2069 mulcatum
912 2030 1172 2081 expulerunt.
1208 2031 1254 2068 In
1278 2030 1447 2068 morbos
1481 2029 1603 2068 etiam
1637 2043 1726 2079 gra-

160 2101 355 2141 vissimos
389 2111 451 2140 est
485 2101 722 2152 implicitus,
759 2110 803 2140 ut
836 2101 876 2139 in
910 2101 1018 2140 vitae
1051 2100 1274 2140 discrimen
1308 2100 1533 2139 devenerit.
1569 2100 1725 2138 Tamen

161 2173 345 2212 animum
379 2186 461 2211 non
495 2172 732 2223 despondit,
768 2181 808 2211 et
841 2172 995 2223 pluries
1029 2172 1081 2210 ad
1105 2172 1273 2210 eosdem
1307 2171 1505 2210 barbaros
1538 2171 1727 2209 homines

161 2252 223 2283 est
256 2257 484 2294 regressus,
511 2252 555 2282 ut
580 2243 671 2282 illos
694 2242 824 2281 divini
849 2243 963 2281 verbi
987 2243 1140 2293 pabulo
1164 2242 1361 2286 reficeret,
1397 2255 1516 2280 aures
1549 2241 1728 2280 admissa

161 2314 385 2354 fatentibus
418 2314 764 2357 accommodaret,
800 2327 956 2364 eosque
990 2313 1029 2352 in
1068 2312 1379 2352 matrimonium
1414 2312 1489 2351 rite
1523 2312 1725 2362 iungeret.

162 2399 312 2436 aegros
346 2385 541 2424 inviseret
574 2399 620 2424 ac
653 2385 867 2430 solaretur,
894 2384 1158 2424 calamitosos
1182 2384 1429 2427 sublevaret,
1470 2397 1723 2434 egenosque,

164 2470 240 2507 pro
273 2456 358 2494 suis
391 2456 559 2500 viribus,
601 2456 652 2494 ab
702 2455 842 2506 inopia
876 2455 1128 2506 prohiberet.
1172 2455 1250 2493 His
1293 2454 1522 2494 rationibus
1562 2453 1723 2492 illorum

164 2527 325 2566 animos
358 2527 435 2565 sibi
469 2541 514 2566 ac
550 2528 641 2566 Deo
690 2526 843 2565 sensim
892 2526 1091 2571 devinxit,
1136 2536 1176 2565 et
1208 2526 1444 2577 complures
1477 2526 1529 2563 ad
1563 2524 1724 2563 civilem

165 2598 322 2637 cultum
357 2607 396 2637 et
429 2598 694 2637 christianam
729 2597 974 2648 religionem
1008 2597 1213 2648 perduxit.

256 2669 414 2708 Multus
447 2678 659 2719 praeterea
692 2669 768 2707 suit
802 2669 841 2707 in
875 2683 1018 2707 eorum
1053 2667 1332 2707 simultatibus
1365 2666 1620 2708 dirimendis.
1662 2666 1726 2704 vel

165 2740 306 2779 litibus
339 2740 651 2790 componendis.
688 2740 822 2790 Saepe
856 2739 980 2778 etiam
1015 2739 1120 2778 inter
1145 2739 1235 2777 illos
1259 2748 1299 2777 et
1332 2737 1599 2788 magistratus
1635 2736 1727 2774 Rei-

166 2811 355 2862 publicae
388 2810 745 2852 Americanorum,
782 2810 852 2861 qui
886 2810 1197 2849 acerbissimum
1233 2809 1271 2848 in
1305 2822 1376 2847 eos
1411 2807 1629 2858 imperium
1664 2821 1728 2845 ex-

165 2891 363 2923 ercerent,
414 2895 557 2932 pacem
606 2881 861 2923 conciliavit;
896 2894 1124 2931 eorumque
1163 2879 1342 2931 negotiis
1377 2879 1431 2917 ita
1469 2878 1640 2921 studuit,
1682 2885 1727 2915 ut
