1926 3200
951 798 1025 836 XI.

392 1004 780 1055 ALEXANDER
839 1004 1048 1054 PONZA
1099 1006 1136 1052 A
1186 1004 1234 1052 S.
1287 1003 1584 1051 MARTINO

215 1352 582 1458 DRACONERH
617 1349 657 1387 in
691 1349 929 1400 Subalpinis
953 1348 1081 1387 nobili
1104 1362 1258 1399 genere
1282 1356 1343 1386 est
1372 1356 1505 1391 natus,
1531 1361 1640 1386 anno
1664 1346 1767 1385 chri-

353 1420 486 1459 stiano
520 1431 764 1465 MDCCCX113
799 1428 839 1458 et
872 1420 912 1457 in
946 1429 1087 1458 nostra
1132 1419 1340 1458 Societate
1383 1432 1426 1457 se
1466 1419 1558 1456 Deo
1591 1417 1764 1464 dedidit,

206 1492 351 1530 aetatis
385 1505 482 1530 suae
515 1505 624 1529 anno
648 1491 974 1542 quintodecimo.
999 1491 1173 1537 Romae,
1199 1489 1579 1541 tirocinio'pietatis
1608 1497 1766 1535 exacto,

207 1562 448 1601 doctoribus
471 1562 700 1613 Arrigonio
723 1570 763 1601 et
786 1562 1045 1607 Bonvicinio,
1076 1561 1403 1601 sollertissimam
1426 1560 1573 1599 litteris
1596 1574 1766 1611 operam

208 1633 386 1679 navavit,
422 1642 462 1671 et
494 1633 648 1683 dignus
672 1642 734 1671 est
766 1632 944 1679 habitus,
980 1633 1049 1684 qui
1073 1632 1271 1672 continuo
1296 1631 1455 1671 Sassari
1490 1631 1529 1669 in
1564 1630 1766 1677 Sardinia,

207 1703 302 1742 dein
350 1704 569 1754 Augustae
616 1703 895 1742 Taurinorum
944 1703 1192 1742 rhetoricam
1241 1703 1435 1742 traderet.
1481 1703 1572 1741 Hac
1604 1701 1694 1752 ipsa
1727 1701 1767 1739 in

205 1774 305 1812 urbe
338 1773 628 1824 philosophiae
651 1773 834 1812 animum
857 1774 1048 1819 advertit,
1073 1774 1307 1824 eodemque
1340 1782 1529 1824 tempore
1562 1773 1767 1810 elementa

206 1844 401 1883 mathesis
436 1844 652 1883 iuvenibus
686 1845 898 1883 sodalibus
922 1858 1019 1883 suae
1043 1844 1281 1895 provinciae
1305 1843 1552 1895 explanavit.
1579 1843 1767 1882 Subinde

206 1916 378 1954 Genuae
425 1916 478 1954 ad
513 1915 654 1954 Sancti
702 1915 914 1954 Ambrosii
963 1915 1194 1954 Antonium
1229 1915 1411 1954 Carlium
1460 1923 1500 1953 et
1533 1914 1765 1952 Fir-minum

205 1987 388 2029 Costam,
424 1987 646 2038 theologos
679 1986 1070 2037 praestantissimos,
1095 1986 1264 2031 audivit,
1296 1994 1336 2025 et
1369 1985 1563 2024 sacerdos
1596 1985 1768 2035 inaugu-

207 2065 331 2101 ratus,
367 2056 596 2095 Taurinum
645 2057 793 2096 iterum
842 2056 1067 2102 contendit,
1118 2065 1163 2096 ut
1210 2056 1250 2094 in
1290 2055 1482 2107 Collegio
1516 2056 1766 2094 Sanctorum

209 2128 439 2178 Martyrum
474 2128 689 2178 physicam
723 2137 763 2167 et
796 2129 987 2166 clzimiam
1023 2128 1193 2166 eosdem
1238 2127 1408 2165 iuvenes
1446 2127 1626 2165 doceret.
1671 2126 1767 2176 Quo

206 2197 246 2236 in
280 2212 450 2236 munere
483 2199 624 2249 magni
663 2207 725 2238 est
766 2199 908 2237 factus.
947 2198 1185 2249 Discipulos
1227 2206 1289 2237 est
1337 2206 1481 2236 nactus
1528 2195 1767 2247 probatissi-

207 2282 309 2314 mos,
346 2268 451 2307 inter
485 2283 590 2320 quos
625 2269 849 2320 Iosephum
884 2270 1167 2320 Brunengum,
1191 2268 1399 2307 Aloisium
1434 2268 1679 2313 Ceruttium‚
1706 2267 1768 2306 Io-

205 2340 381 2390 sephum
415 2340 681 2386 Fantonium,
723 2340 915 2378 Natalem
960 2340 1194 2378 Santinium
1227 2348 1269 2378 et
1308 2340 1505 2378 Ioannem
1541 2338 1766 2389 Iosephum

207 2410 426 2449 Francum.
463 2411 518 2449 Hi
552 2411 721 2462 quidem
756 2421 913 2462 postea,
949 2410 1138 2450 Santinio
1180 2419 1367 2461 excepto,
1404 2411 1509 2449 inter
1541 2409 1766 2460 scriptores

207 2481 534 2531 ephemeridum‚
584 2496 689 2532 quae
738 2497 759 2520 a
813 2482 1018 2520 Cz'w‘lifale
1066 2482 1272 2520 Catholiccz
1320 2489 1624 2532 nuncupantur,
1671 2487 1767 2519 sunt

207 2552 405 2602 cooptati.

296 2623 422 2673 Quod
456 2623 677 2661 maximam
712 2623 751 2661 in
786 2624 906 2661 rebus
930 2622 1104 2673 agendis
1128 2623 1416 2661 dexteritatem
1449 2636 1542 2660 cum
1576 2620 1766 2660 doctrina

206 2691 405 2742 singulari
438 2693 662 2743 copularet„
699 2707 747 2739 el,
782 2707 912 2731 annos
946 2701 1028 2731 tres
1062 2701 1102 2731 et
1135 2693 1305 2743 triginta
1338 2692 1486 2731 minori
1519 2701 1629 2738 nato,
1674 2691 1766 2730 Col-

206 2762 303 2813 legii
337 2772 377 2802 et
410 2763 637 2803 Convictus
670 2764 883 2803 Nobilium
917 2763 1163 2802 taurinensis
1187 2763 1374 2815 regimen
1407 2772 1469 2802 est
1501 2762 1763 2813 permissum.

211 2834 306 2883 Quo
340 2833 379 2872 in
413 2834 548 2873 officio
583 2835 637 2873 ita
669 2848 712 2873 se
747 2834 889 2885 gessit,
925 2843 967 2873 ut
1007 2848 1129 2873 omne
1172 2843 1371 2885 punctum
1415 2834 1564 2873 tulerit.
1600 2833 1765 2872 Etenim

1679 2925 1695 2948 ί)
