1926 3200
206 375 362 413 Sancto
396 375 559 417 Officio,
595 390 617 413 a
651 375 836 414 conciliis
860 375 1185 425 provincialibus
1209 374 1521 425 dignoscendis,
1556 389 1579 413 a
1612 375 1776 421 studiis,

204 445 268 483 vel
302 445 353 483 ab
388 445 599 484 Ecclesiae
634 445 816 496 negotiis
850 445 1167 496 pertractandis.
1213 445 1290 484 sibi
1334 459 1487 484 nomen
1525 445 1777 491 adsciscunt,

201 515 453 554 consultoris
488 516 610 555 titulo
646 525 707 554 est
731 524 965 567 cooptatus,
994 517 1102 554 Nam
1126 516 1269 567 magni
1302 516 1475 555 omnino
1498 517 1549 554 ab
1579 516 1774 555 omnibus

204 587 292 625 eius
326 587 532 626 sententia
567 587 704 627 fiebat.
741 587 981 634 Enimvero,
1017 601 1110 625 cum
1145 587 1244 626 olim
1269 588 1406 626 Roma
1439 587 1662 638 profectus,
1697 588 1777 626 Ge·

202 671 326 696 nuam
361 658 557 705 venisset,
583 659 796 710 extemplo
820 659 1001 697 Romam
1033 659 1197 709 magnis
1222 658 1438 697 itineribus
1461 667 1523 697 est
1545 672 1774 709 regressus,

204 742 289 779 quo
314 728 506 768 videlicet
529 744 551 767 a
577 729 779 768 Pontifice
804 728 990 767 Maximo
1019 737 1239 767 revocatus
1274 729 1420 775 suerat,
1456 736 1501 767 ut
1535 729 1587 767 de
1619 729 1778 767 abstru-

203 800 311 838 siore
346 799 446 838 iuris
480 800 669 839 canonici
703 801 875 839 suborta
909 799 1154 851 quaestione
1187 799 1435 838 sententiam
1469 799 1638 838 diceret.

294 872 443 921 Neque
478 871 613 910 solum
647 871 711 909 his
745 871 987 909 muneribus
1020 870 1238 915 obeundis,
1274 870 1347 908 sed
1371 870 1568 920 operibus
1601 869 1778 908 conscri-

202 941 350 980 bendis
383 942 566 981 maximo
594 942 804 981 Ecclesiae
828 941 1081 987 Catholicae,
1117 941 1317 981 Societati
1359 942 1464 988 Iesu,
1501 941 1664 992 sibique
1712 955 1777 979 ex-

201 1012 306 1051 stitit
356 1022 619 1052 ornamento.
656 1014 764 1051 Nam
813 1013 928 1051 libris
976 1012 1100 1051 editis
1148 1013 1368 1051 Romanae
1418 1012 1538 1051 Sedis
1587 1012 1686 1055 iura.
1736 1020 1777 1050 et

202 1084 389 1122 eiusdem
426 1083 649 1123 Societatis
673 1083 882 1135 legitimas
906 1083 1101 1129 rationeS,
1127 1092 1271 1122 contra
1302 1082 1580 1122 recentiorum
1614 1097 1776 1122 errores

202 1155 402 1193 acerrime
436 1155 735 1206 propugnavit.
760 1155 856 1193 Alia
880 1155 1009 1194 multa
1034 1155 1073 1193 in
1097 1156 1230 1194 lucem
1256 1154 1511 1205 protulisset.
1538 1154 1577 1192 ni
1601 1155 1776 1193 adversa

202 1234 408 1275 perpetuo
444 1225 684 1264 valetudine
718 1240 816 1265 usus
849 1235 970 1272 esset,
997 1240 1077 1277 qua
1101 1226 1229 1264 semel
1253 1235 1293 1264 et
1328 1226 1477 1264 iterum
1512 1225 1551 1263 in
1585 1238 1776 1276 praesen-

203 1296 409 1336 tissimum
444 1297 553 1336 vitae
586 1297 808 1336 discrimen
842 1306 904 1336 est
937 1298 1154 1337 adductus.
1190 1299 1315 1336 Anno
1350 1308 1621 1343 MDCCCXCII,
1652 1310 1775 1348 gene-

206 1368 359 1405 ralibus
383 1367 605 1407 Societatis
630 1369 724 1407 Iesu
749 1368 930 1407 comitiis
954 1368 1151 1416 interfuit,
1177 1382 1284 1419 quae
1310 1368 1482 1407 Loiolae
1507 1368 1547 1406 in
1572 1366 1778 1418 Hispania

201 1438 341 1476 habita
375 1447 490 1485 sunt,
527 1447 571 1477 ut
605 1453 729 1490 quam
765 1439 864 1478 iuris
888 1439 1105 1490 utriusque
1129 1435 1343 1478 scientiam
1368 1438 1558 1490 apprime
1591 1439 1771 1484 tenebat,

202 1522 305 1551 eam.
342 1523 471 1560 quum
507 1524 605 1548 usus
639 1511 817 1557 adesset,
843 1510 883 1548 in
907 1524 1173 1549 communem
1203 1510 1423 1548 utilitatem
1458 1509 1675 1548 conferret.
1713 1508 1774 1546 Ibi

201 1580 241 1617 in
275 1594 447 1628 gravem
481 1582 674 1620 morbum
710 1581 867 1628 incidit,
893 1590 933 1620 et
957 1582 1163 1627 Genuam,
1188 1581 1284 1620 dein
1309 1582 1489 1619 Romam
1523 1594 1617 1619 cum
1642 1594 1775 1618 rever-

200 1651 331 1693 tisset,
369 1651 476 1690 inter
509 1653 706 1691 mortales
740 1667 830 1691 esse
862 1653 997 1699 desiit,
1033 1666 1143 1691 anno
1167 1652 1394 1692 christiano
1423 1663 1712 1691 MDCCCXCIII.

287 1722 361 1760 Vir
393 1722 468 1761 fuit
493 1737 576 1761 non
601 1724 729 1761 modo
755 1723 926 1774 ingenio
949 1722 1163 1773 singulari,
1190 1724 1264 1762 sed
1293 1723 1450 1774 pietate
1474 1730 1672 1774 spectata.
1699 1722 1774 1760 So-

196 1792 389 1831 cietatem
426 1795 519 1832 Iesu
555 1795 647 1845 plus
696 1795 827 1833 oculis
876 1793 1043 1840 amavit,
1079 1803 1119 1833 et
1154 1795 1187 1833 si
1221 1794 1323 1846 quid
1356 1794 1492 1833 carius
1525 1803 1587 1833 est
1627 1793 1772 1832 oculis⁷

201 1866 350 1905 Eidem
385 1866 460 1904 hac
493 1866 545 1904 de
577 1880 714 1909 causa,
749 1865 844 1905 licet
892 1867 1050 1906 morbis
1098 1866 1361 1917 gravissimis
1409 1866 1461 1904 ab
1493 1866 1775 1906 adolescentia

199 1945 395 1979 tentatus,
431 1936 694 1975 continenter
727 1937 929 1976 adhaesit.
976 1937 1072 1976 Suis
1105 1937 1319 1976 sodalibus
1359 1937 1546 1989 aliisque,
1581 1946 1626 1976 ut
1675 1951 1774 1976 suae

198 2016 287 2046 erat
319 2007 424 2058 opis,
462 2021 676 2058 nunquam
710 2007 858 2053 defuit,
894 2016 934 2047 et
968 2008 1203 2047 urbanitate
1236 2022 1320 2047 non
1351 2008 1487 2046 minus
1521 2022 1645 2059 quam
1679 2008 1775 2047 doc-

199 2079 308 2117 trina
341 2088 381 2117 et
416 2078 598 2128 ingenio,
635 2092 759 2117 omne
792 2093 926 2130 genus
961 2079 1201 2118 hominibus
1234 2093 1353 2118 carus
1385 2079 1461 2118 fuit
1485 2082 1561 2130 (2).
