1926 3200
824 232 1083 267 ,114-

160 328 408 378 Episcopus,
444 327 506 365 vir
539 326 839 373 sanctissimus,
865 325 935 377 qui
961 326 1088 365 vitam
1123 340 1198 377 pro
1223 327 1377 366 Christi
1408 327 1558 366 ovibus
1582 328 1733 379 pacisci

162 412 246 437 non
278 398 498 436 dubitavit.
534 398 573 435 Is
608 397 759 448 itaque,
795 410 925 448 quum
961 397 1000 434 in
1035 410 1084 435 eo
1124 406 1246 441 esset,
1292 406 1336 436 ut
1379 397 1419 435 in
1453 399 1633 437 Alaskae
1678 413 1735 438 re-

164 470 312 521 giones
346 468 645 507 remotissimas
694 468 853 519 primus
892 467 1080 507 omnium
1120 468 1464 519 proficisceretur,
1515 484 1598 521 quo
1647 471 1735 509 illas

164 555 316 592 nempe
350 542 442 579 Deo
476 539 745 585 lucrifaceret,
781 540 959 591 genibus
992 539 1120 582 flexis,
1157 539 1359 578 Giordam
1404 541 1522 580 enixe
1556 543 1731 593 rogavit,

166 622 211 652 ut
243 612 367 664 signo
401 611 534 650 crucis
568 610 645 650 sibi
684 611 790 649 bene
823 610 982 661 precari
1016 611 1153 649 vellet.
1194 611 1335 661 Quum
1370 626 1470 651 vero
1508 612 1586 655 hic,
1627 613 1735 651 illico

162 685 203 723 in
236 698 373 735 genua
416 683 707 734 procumbens,
754 682 863 720 idem
906 682 957 720 ab
992 696 1041 720 eo
1085 682 1404 733 expostulasset,
1455 692 1602 722 neuter
1650 698 1734 722 sur-

163 755 279 799 rexit,
314 754 447 793 donec
481 762 656 805 uterque
690 753 868 804 utrique,
903 753 1051 792 eodem
1086 754 1288 804 temporis
1322 754 1515 805 vestigio,
1561 764 1622 794 est
1666 756 1735 794 ob—

162 834 329 865 secutus
353 828 429 876 (6).

254 895 448 947 Denique
498 895 596 934 Pius
631 895 703 939 IX,
742 895 933 933 Pontifex
982 894 1204 941 Maximus,
1240 909 1369 946 quum
1419 904 1481 935 tot
1524 898 1734 947 praeclara

164 968 348 1008 Giordae
381 967 563 1006 facinora
596 967 764 1006 auribus
798 966 1039 1017 accepisset,
1085 967 1293 1006 Montium
1338 968 1594 1007 Saxosorum
1640 968 1734 1019 Epi-

163 1054 339 1091 scopum
373 1053 467 1078 eum
512 1052 651 1078 creare
695 1038 852 1077 statuit.
889 1038 1045 1077 Contra
1078 1052 1136 1084 ea,
1172 1038 1234 1077 vir
1273 1039 1620 1085 modestissimus,
1657 1040 1735 1079 hoc

164 1111 316 1150 nuncio
350 1110 427 1149 sibi
462 1110 598 1157 allato,
624 1109 723 1148 totis
746 1110 919 1148 artubus
952 1109 1223 1156 contremuit;
1258 1118 1298 1149 et
1327 1110 1527 1161 epistolas
1560 1111 1612 1149 ad
1636 1125 1734 1150 suos

161 1183 339 1227 sodales,
375 1196 554 1234 quorum
588 1181 815 1220 auctoritas
850 1182 1012 1220 Romae
1056 1181 1282 1232 plurimum
1316 1182 1485 1227 valeret,
1523 1182 1734 1233 extemplo

162 1254 291 1301 dedit,
312 1262 357 1293 ut
381 1253 706 1305 impendentem,
731 1267 856 1304 quam
875 1252 1126 1303 appellabat,
1146 1253 1423 1292 calamitatem
1446 1262 1616 1293 arceret.
1643 1254 1733 1292 Hac

163 1340 238 1377 spe
271 1325 504 1371 frustratus,
549 1324 672 1363 aliam
705 1324 758 1362 ad
791 1323 915 1362 aedes
948 1323 1159 1362 vaticanas
1207 1324 1427 1374 epistolam
1477 1324 1601 1370 misit,
1652 1339 1733 1376 qua

164 1396 387 1436 ostendere
419 1395 647 1441 contendit,
683 1394 880 1441 futurum,
907 1403 952 1433 ut
976 1394 1174 1445 Episcopi
1199 1409 1362 1441 munus,
1388 1395 1421 1433 si
1444 1395 1550 1434 forte
1567 1395 1644 1434 sibi
1668 1395 1735 1433 de-

167 1467 448 1512 mandaretur,
498 1479 581 1504 non
616 1465 656 1504 in
690 1465 879 1511 salutem,
930 1466 1004 1504 sed
1053 1465 1093 1504 in
1135 1465 1361 1516 perniciem
1395 1466 1453 1504 rei
1486 1466 1733 1506 christianae

163 1546 357 1577 verteret.
392 1537 447 1576 Se
487 1536 682 1575 nimirum
726 1544 788 1575 tot
829 1536 955 1574 animi
1000 1536 1310 1575 infirmitatibus
1353 1537 1583 1576 obnoxium
1628 1551 1730 1580 esse,

165 1618 312 1661 totque
345 1608 533 1659 corporis
567 1607 845 1646 incommodis
874 1607 1074 1653 laborare,
1100 1616 1146 1646 ut
1168 1607 1281 1646 nullo
1314 1622 1486 1658 prorsus
1520 1608 1659 1653 modo,
1684 1622 1733 1647 eo

165 1680 429 1720 sanctissimo
476 1687 517 1718 et
565 1678 815 1731 gravissimo
864 1692 1036 1717 munere
1085 1678 1161 1717 rite
1209 1678 1327 1730 fungi
1380 1688 1536 1730 posset.
1587 1680 1733 1730 Itaque

163 1752 364 1791 Summus
399 1750 590 1789 Pontifex
637 1750 892 1801 singularem
942 1749 1123 1788 hominis
1171 1749 1421 1789 modestiam
1464 1750 1734 1790 vehementer

165 1823 352 1869 miratus,
382 1830 422 1861 et
455 1822 611 1861 veritus
654 1822 841 1867 fortasse,
888 1835 951 1867 ne,
987 1821 1020 1859 si
1055 1821 1095 1859 in
1129 1821 1334 1860 sententia
1377 1830 1653 1872 permaneret,
1691 1822 1732 1860 in

166 1894 336 1933 nimiam
370 1893 495 1932 animi
529 1892 834 1945 aegritudinem
868 1892 1066 1931 eximium
1100 1891 1235 1931 virum
1269 1892 1466 1939 iniiceret,
1502 1907 1661 1932 morem
1696 1893 1731 1931 ei

164 1966 399 2017 gerendum
433 1964 687 2004 existimavit
711 1966 789 2015 (7).

255 2036 453 2075 Defectus
486 2035 656 2082 viribus,
691 2044 731 2074 et
764 2034 958 2086 apoplexi
1007 2043 1238 2085 correptus,
1289 2048 1419 2085 quum
1459 2048 1540 2085 ope
1575 2035 1618 2073 P.
1653 2035 1733 2073 Ra-

162 2108 286 2155 vallii,
322 2107 543 2147 Societatis
578 2115 745 2146 nostrae
778 2106 946 2152 sodalis,
981 2106 1081 2145 artis
1105 2104 1291 2145 medicae
1314 2105 1448 2157 periti,
1485 2106 1607 2157 plane
1640 2120 1733 2144 con-

162 2179 372 2225 valuisset,
408 2178 464 2217 nil
497 2178 574 2217 sibi
609 2178 815 2229 reliquum
851 2177 959 2223 fecit,
997 2186 1041 2216 ut
1074 2177 1332 2228 praefectura
1354 2176 1482 2216 totius
1516 2177 1732 2215 Missiom‘s

161 2264 205 2289 se
238 2250 461 2289 abdicaret.
497 2251 609 2289 Voto
642 2249 813 2301 potitus,
850 2249 955 2288 hanc
978 2248 1236 2300 provinciam
1262 2249 1304 2287 P.
1341 2248 1521 2299 Iosepho
1555 2248 1731 2287 Cataldo

160 2320 533 2359 administrandam
578 2320 721 2367 cessit;
771 2334 812 2359 et
859 2320 1085 2364 sodalibus,
1131 2319 1202 2371 qui
1246 2319 1286 2358 in
1330 2319 1509 2358 statione
1552 2318 1731 2358 Sanctis-

161 2391 254 2430 simi
299 2392 449 2431 Cordis
494 2392 587 2430 Iesu
635 2392 857 2443 degebant,
909 2400 971 2430 est
1019 2391 1264 2442 praefectus.
1316 2389 1525 2429 Sexennio
1573 2390 1727 2440 elapso,

162 2477 246 2514 quo
281 2463 380 2502 inibi
414 2464 539 2503 etiam
575 2463 769 2503 Curionis
819 2462 924 2501 sacri
958 2462 1120 2501 vicibus
1169 2462 1432 2512 fungebatur,
1468 2461 1616 2499 morbo
1649 2475 1731 2499 car-

162 2534 280 2573 diaco
313 2543 375 2573 est
414 2535 674 2585 absumptus,
709 2533 856 2572 aetatis
890 2548 988 2572 suae
1021 2547 1130 2572 anno
1164 2531 1553 2582 undesexagesimo.
1578 2532 1647 2570 Ad
1669 2546 1732 2570 ex-

162 2615 341 2646 tremum
371 2606 407 2645 ei
431 2606 591 2645 adstitit
626 2607 668 2644 P.
706 2605 911 2656 Iosephus
945 2605 1148 2651 Caruana,
1174 2613 1214 2643 et
1237 2603 1532 2642 beneficiorum
1557 2617 1728 2647 memor,

164 2677 338 2728 perinde
370 2691 416 2715 ac
449 2677 482 2715 si
517 2677 636 2721 filius,
672 2676 805 2715 vicem
840 2676 1022 2715 reddidit
1055 2689 1306 2726 supremam.

253 2747 454 2787 Giordam
488 2748 572 2786 vita
604 2748 791 2786 functum
825 2747 1171 2786 Americanorum
1216 2745 1505 2797 ephemerides
1539 2745 1729 2784 maximis

162 2819 356 2857 laudibus
388 2818 636 2865 extulerunt,
673 2827 818 2869 utpote
852 2818 987 2857 virum
1020 2818 1071 2856 de
1105 2817 1326 2868 republica,
1363 2825 1450 2855 tum
1486 2830 1614 2859 sacra,
1640 2825 1727 2855 tum

164 2889 285 2933 civili,
322 2889 479 2940 optime
513 2889 725 2931 meritum:
760 2889 876 2927 cuius
926 2888 1120 2927 nimirum
1170 2888 1324 2939 pietate
1356 2895 1397 2926 et
1429 2887 1631 2931 doctrina,
1667 2895 1728 2925 tot
