1926 3200
768 631 1155 699 NOTAE

240 1136 284 1171 (1)
310 1135 399 1163 Sunt
422 1134 481 1171 qui
506 1133 722 1170 scripserint,
750 1132 917 1161 Giordam
945 1131 1086 1165 lavenii,
1122 1131 1180 1160 alii
1210 1132 1433 1162 Cameranae.
1459 1129 1515 1158 alii
1544 1128 1738 1158 l'odivarini

190 1188 224 1217 in
242 1187 446 1225 Subalpinis
461 1196 535 1216 esse
554 1191 687 1215 natum.
709 1185 884 1223 Equidem
916 1185 950 1214 in
974 1184 1147 1214 tabulario
1172 1183 1368 1213 Provinciae
1400 1182 1627 1212 Taurinensis
1649 1183 1741 1211 sche-

179 1241 299 1271 dulam
323 1240 451 1272 inveni.
479 1249 551 1278 qua
576 1240 649 1277 ipse
680 1238 813 1269 Giorda
845 1248 880 1268 se
906 1238 1167 1269 Cumbevianae
1199 1237 1326 1274 (italice
1358 1236 1542 1273 Cumiana)
1578 1236 1611 1264 in
1646 1235 1744 1265 Dioe-

179 1293 246 1323 cesi
272 1293 482 1323 Taurinensi
507 1293 542 1322 in
567 1293 679 1322 lucem
703 1291 837 1321 editum
862 1301 948 1323 esse.
974 1291 1141 1328 scriptum
1167 1290 1320 1328 reliquit.

225 1359 269 1395 (2)
294 1358 487 1387 Relasione
510 1358 601 1386 delle
624 1357 794 1386 Missiom'
815 1357 895 1385 [lale
920 1356 954 1385 in
983 1356 1127 1385 Corsica
1153 1357 1335 1384 nell'anno
1353 1356 1492 1391 υἷι-53
1516 1354 1577 1382 dal
1599 1354 1635 1382 Ι).
1659 1353 1743 1381 ‹iin-

182 1413 286 1449 seppe
312 1411 489 1441 Giorda...
517 1411 568 1439 De
592 1410 654 1438 hac
679 1409 846 1439 relatione
870 1408 950 1438 vide
974 1418 1079 1446 supra
1103 1417 1136 1446 p.
1166 1407 1233 1444 116,
1260 1410 1305 1437 A.

243 1477 286 1513 (3)
312 1476 410 1513 Quae
435 1474 478 1504 de
503 1473 636 1504 Giorda
660 1473 853 1503 Brictinorii
879 1478 1115 1503 commorante
1140 1472 1288 1507 narravi,
1315 1472 1438 1510 partim
1464 1470 1548 1503 vidi,
1574 1470 1700 1508 partim
1725 1479 1743 1499 a

182 1528 363 1558 sodalibus
386 1527 516 1557 ibidem
541 1526 751 1564 degentibus
775 1526 902 1564 accepi.

247 1594 291 1630 (4)
317 1593 415 1630 Quae
439 1591 482 1621 de
508 1591 660 1621 Giordae
684 1591 968 1629 expeditionibus
992 1590 1027 1620 in
1051 1591 1210 1628 regiones
1235 1590 1408 1619 Montium
1434 1590 1643 1619 Saxosorum
1667 1597 1744 1617 sum

191 1650 404 1683 prosecutus,
423 1654 463 1674 ex
480 1645 556 1674 eius
578 1644 734 1682 epistolis
758 1644 942 1682 praecipue
963 1644 1129 1682 excerpsi,
1147 1653 1297 1681 quarum
1314 1643 1510 1681 complures
1526 1646 1607 1671 sunt
1619 1640 1744 1670 editae.

189 1699 325 1727 Harum
348 1698 538 1727 nonnullae
562 1701 783 1726 asservantur
806 1696 841 1726 in
874 1697 1047 1726 tabulario
1083 1696 1282 1726 Provinciae
1317 1695 1544 1725 Tauriuensis
1568 1693 1748 1724 Societatis

187 1752 277 1780 Iesu.
305 1752 343 1780 In
368 1750 420 1780 his
443 1749 628 1788 postremis
651 1749 747 1779 licuit
771 1749 896 1787 legere,
930 1749 1097 1779 Giordam
1123 1749 1249 1787 ipsum,
1286 1749 1432 1786 eiusque
1455 1748 1610 1778 comites.
1635 1755 1744 1784 quum

185 1803 338 1842 primum
362 1803 406 1832 ad
431 1803 596 1832 barbaros
620 1802 789 1837 hominesy
808 1802 939 1839 quibus
954 1807 1005 1832 est
1023 1812 1151 1832 nomen
1168 1803 1276 1832 Pedes
1293 1802 1420 1838 Nzssgri,
1446 1810 1482 1830 se
1505 1800 1743 1835 contulissent,

183 1857 227 1886 ab
251 1856 304 1885 his
326 1860 487 1894 exceptos
510 1865 584 1885 esse
607 1865 647 1885 ea
665 1855 785 1893 iniqua
802 1854 946 1891 ratione,
965 1864 1071 1892 quam
1088 1855 1282 1884 retulimus.
1304 1856 1379 1884 Hoc
1396 1858 1582 1892 propterea
1606 1853 1748 1882 fortasse

183 1909 318 1944 accidit,
333 1908 429 1946 quod
442 1918 483 1938 ea
494 1912 712 1946 tempestate,
728 1909 835 1937 Pedes
853 1908 971 1944 Nigri
985 1917 1064 1937 cum
1082 1907 1308 1944 Americanis,
1327 1916 1415 1944 quos
1429 1907 1538 1936 Albos
1555 1906 1745 1944 appellant,

184 1962 315 1991 bellum
339 1962 516 1999 gerebant.
544 1961 723 1991 Nonnulla
740 1960 845 1990 etiam
863 1960 1063 1998 deprompsi
1087 1970 1105 1990 e
1131 1960 1282 1989 Giordae
1300 1959 1434 1995 notitia,
1460 1969 1480 1989 a
1504 1960 1538 1989 P.
1560 1958 1747 1988 Laurentio

185 2014 351 2045 Paladino
374 2020 524 2046 exarata.
549 2019 582 2044 et
605 2014 699 2052 typis
715 2014 877 2051 evulgata
894 2014 928 2043 in
953 2013 1006 2043 his
1029 2013 1330 2051 ephemeridibus:
1363 2012 1564 2042 lVoodslock
1589 2013 1742 2041 Letlers.

185 2070 263 2100 Vol.
293 2077 344 2104 XI,
372 2070 414 2098 N.
439 2078 457 2106 3
483 2064 522 2089 '—
547 2068 753 2105 September
780 2068 867 2096 1882.
893 2084 933 2088 ——
957 2066 1169 2097 XVoodstock
1194 2066 1335 2104 College
1360 2065 1465 2095 Print.
1491 2075 1524 2103 p.
1549 2074 1620 2103 322.
1646 2082 1687 2086 ——
1710 2065 1749 2095 In

185 2123 248 2152 hac
272 2122 421 2160 legimus
445 2121 613 2151 Giordam
639 2130 730 2150 anno
768 2128 996 2150 MDCCCLVIII
1029 2120 1063 2149 in
1089 2120 1283 2149 Americam
1317 2129 1353 2148 se
1387 2119 1585 2149 contulisse.
1618 2119 1748 2148 Verum

186 2185 278 2205 anno
303 2174 513 2212 insequenti,
551 2174 600 2203 uti
635 2178 768 2203 constat
801 2183 841 2203 ex
866 2173 993 2202 annuis
1015 2172 1165 2209 tabellis,
1191 2181 1279 2210 quas
1303 2172 1488 2209 Catalogos
1512 2172 1749 2207 nominamus,

185 2228 299 2259 adhuc
324 2228 516 2258 Brictinorii
543 2228 754 2257 morabatur.

248 2295 292 2331 (5)
317 2294 415 2331 Quae
438 2292 556 2322 omnia
580 2292 614 2321 in
638 2292 700 2321 hac
725 2291 941 2329 paragrapho
958 2291 1091 2329 scripsi,
1109 2296 1191 2320 sunt
1208 2295 1368 2328 excerpta
1391 2300 1431 2319 ex
1456 2290 1613 2328 epistola,
1640 2298 1746 2327 quam

187 2348 223 2376 P.
249 2347 417 2384 Iosephus
441 2347 602 2376 Caruana
624 2344 669 2374 ad
694 2354 747 2374 me
772 2344 869 2374 dedit
893 2354 985 2374 anno
1009 2352 1147 2374 mcum.
1176 2345 1271 2373 Haec
1295 2342 1400 2373 modo
1423 2347 1619 2372 asservatur
1643 2342 1677 2371 iu
1701 2347 1749 2371 ta-

187 2399 323 2429 bulario
348 2399 546 2429 Provinciae
572 2398 801 2428 Taurinensis
826 2399 860 2427 S.
889 2399 914 2427 Ι.

250 2465 294 2502 (6)
321 2466 395 2494 Hoc
418 2464 538 2494 rescivi
563 2473 582 2493 a
608 2466 641 2493 P.
670 2463 820 2500 Georgio
846 2463 946 2492 De-la
971 2463 1090 2498 Motte‚
1116 2462 1175 2500 qui
1209 2460 1313 2491 modo
1339 2461 1512 2490 Montium
1538 2462 1750 2490 Saxosorum

189 2518 375 2547 [lsissiom's
398 2521 450 2546 est
474 2515 672 2546 moderator
695 2525 891 2553 supremus.

251 2582 295 2619 (7)
322 2583 416 2611 Haec
439 2580 584 2619 quidem
609 2590 627 2610 a
650 2580 891 2618 compluribus
915 2579 1001 2609 meis
1023 2578 1205 2609 sodalibus
1239 2578 1370 2615 audivi,
1405 2583 1438 2608 et
1462 2578 1647 2616 praecipue
1672 2587 1691 2606 a
1716 2578 1751 2606 P.

191 2635 279 2664 Iulio
304 2634 446 2671 Protasi,
465 2633 509 2664 ad
527 2643 631 2671 quem
653 2632 785 2663 Giorda
801 2633 845 2662 al>
862 2632 1020 2662 America
1036 2633 1167 2661 litteras
1184 2631 1288 2667 misit,
1307 2636 1356 2664 ut,
1376 2631 1409 2660 in
1427 2635 1523 2661 tanto
1540 2629 1751 2665 discrimine,

192 2689 334 2722 Romae,
360 2697 421 2725 pro
444 2688 516 2717 suis
540 2687 684 2723 viribus,
710 2687 785 2716 eius
811 2695 950 2716 causam
975 2685 1142 2715 tuendam
1167 2685 1366 2723 susciperet.
