1926 3200
818 208 1080 244 -219„„

167 303 387 353 religiosae
422 301 691 353 professionis
715 301 823 339 votis
853 301 1113 351 nuncupatis.
1140 302 1244 340 inter
1268 301 1491 352 scriptores
1524 314 1732 340 commen-

167 374 380 414 tariorum.
416 373 567 424 quibus
591 385 742 410 nomen
766 373 831 410 La
860 371 1008 410 Cz'villd
1038 372 1245 415 Griselica,
1276 372 1423 410 merito
1446 381 1509 410 est
1531 372 1729 410 adlectus.

168 445 265 495 Quo
300 444 339 482 in
376 458 558 489 munere,
594 443 708 482 libris
745 442 1043 493 dignoscendis
1094 451 1133 481 61
1166 443 1372 481 61110111615
1411 442 1650 493 redigendis
1692 455 1733 481 o-

167 529 308 566 peram
342 515 456 553 dedit
489 514 717 565 egregiam.
768 514 1001 552 Nonnullas
1052 514 1221 563 insuper
1274 513 1590 552 dissertationes
1639 526 1731 564 pro-

168 587 274 632 tulit,
309 596 349 624 et
382 599 518 623 rerum
552 594 725 624 eventus
758 584 990 635 singulares
1023 584 1255 635 descripsit.
1282 598 1387 635 quos
1411 585 1517 623 inter
1550 583 1731 622 narratio

169 656 363 695 historica
411 656 574 707 magnis
623 656 834 706 plausibus
881 664 1054 706 excepta
1101 664 1176 696 651,
1226 654 1291 693 cui
1339 655 1504 693 titulum
1552 654 1647 692 fecit
1694 655 1738 693 Il

170 729 308 777 szgrlio
340 729 441 765 delle
473 728 655 766 lam-ime.

258 798 313 836 At
346 796 632 848 quinquennio
655 805 813 842 exacto,
839 796 1076 835 valetudine
1100 796 1236 835 minus
1260 796 1377 834 firma
1407 804 1469 835 est
1493 795 1730 846 impeditus,

168 867 392 919 quominus
425 867 644 905 scribendo
678 867 848 905 ulterius
888 867 1225 917 progrederetur.
1269 868 1368 906 Post
1405 868 1506 905 haec
1540 866 1731 917 Collegio

169 937 709 988 Germanico-Hungarico.
755 938 986 976 administri
1030 938 1177 984 1111110,
1228 938 1279 976 ad
1332 952 1463 976 annos
1516 937 1728 989 quinque,

166 1009 262 1047 dein
306 1022 423 1047 sacro
466 1009 655 1058 ephebeo
701 1008 954 1057 Anagninis),
992 1009 1162 1047 rectoris
1195 1009 1454 1054 auctoritate,
1500 1008 1589 1059 pari
1631 1016 1731 1047 tem-

167 1079 279 1129 poris
313 1079 443 1129 lapsu,
478 1088 540 1117 est
573 1079 826 1117 moderatus.
872 1080 959 1117 Sub
1003 1080 1157 1118 exitum
1201 1080 1296 1118 anni
1341 1090 1646 1125 MDCCCLXVII,
1690 1079 1730 1117 in

165 1163 282 1188 suam
316 1149 575 1199 provinciam
609 1149 845 1190 accersitus.
882 1150 1044 1193 Curiae.
1094 1151 1134 1188 in
1179 1150 1311 1188 insula
1345 1149 1531 1196 Corsica,
1579 1151 1731 1189 nostris

168 1220 379 1259 sodalibus
403 1220 616 1258 biennium
641 1220 834 1270 praefuit:
859 1231 899 1259 et
924 1230 1070 1271 postea
1090 1221 1282 1260 Monoeci
1315 1222 1367 1259 ad
1400 1236 1514 1260 oram
1539 1221 1729 1272 ligurem,

168 1290 313 1329 Ioanni
348 1290 562 1329 Matthaeo
596 1290 869 1341 Ciraveg‘nae,
915 1291 1156 1341 praeposito
1201 1292 1456 1342 provinciali,
1492 1292 1630 1330 socius
1662 1292 1732 1330 ob-

168 1362 274 1411 tigit,
309 1369 434 1412 atque
468 1375 548 1399 una
582 1361 758 1411 collegii
804 1362 1109 1408 Monoecensis,
1156 1363 1270 1413 quod
1314 1362 1421 1401 idem
1466 1362 1730 1413 praepositus

168 1432 433 1470 statuendum
481 1441 709 1475 curaverat,
759 1433 993 1471 scholarum
1041 1434 1341 1483 praefecturam
1386 1434 1622 1484 auspicatus
1655 1441 1729 1472 est.

170 1505 290 1542 Hanc
322 1503 492 1553 egregie
525 1503 751 1541 admodum
785 1504 837 1542 ad
870 1503 1201 1554 quinquennium
1244 1504 1359 1549 obiit,
1405 1513 1448 1543 111
1487 1505 1620 1542 eidem
1654 1504 1733 1543 col-

169 1574 292 1625 legio,
327 1573 467 1612 decori
500 1582 540 1612 et
582 1575 865 1613 emolumento
910 1575 949 1613 in
992 1576 1229 1626 exemplum
1264 1576 1478 1614 exstiterit.
1505 1576 1731 1614 Enimvero

169 1659 331 1684 summa
364 1658 445 1695 ope
492 1652 553 1682 est
600 1645 751 1690 enisus,
787 1654 831 1683 ut
863 1655 1156 1696 praeceptores
1190 1646 1367 1697 priscam
1403 1646 1442 1684 in
1476 1646 1622 1685 litteris
1655 1654 1732 1685 tra-

168 1715 314 1753 dendis
348 1715 550 1753 rationem
574 1723 801 1761 tuerentur,
828 1729 890 1757 ne,
917 1730 1041 1766 quam
1067 1716 1219 1755 novelli
1244 1717 1411 1756 litterati
1436 1716 1626 1755 homines
1650 1716 1730 1755 iarn

168 1794 256 1825 tum
290 1785 484 1824 invehere
507 1794 743 1835 coeperant.
770 1785 871 1824 haec
894 1786 933 1824 in
958 1786 1127 1825 nimiam
1153 1787 1258 1825 illius
1282 1788 1446 1835 collegii
1470 1787 1732 1826 consuetudi-

167 1870 260 1894 nem
279 1855 450 1894 veniret.
473 1856 711 1906 Principum
726 1856 1069 1895 Monoecensium
1088 1871 1152 1895 res
1171 1858 1380 1907 praeclare
1392 1866 1533 1906 ⁴Q'estas
1554 1856 1730 1896 conscri-

167 1925 262 1976 psit,
292 1939 445 1976 easque
463 1925 694 1964 actionibus
723 1926 972 1972 dramaticis,
1000 1940 1151 1977 magna
1176 1941 1331 1977 pompa
1361 1936 1485 1978 atque
1513 1934 1728 1978 apparatu,

167 1996 207 2034 in
231 2009 395 2034 scenam
419 1996 628 2046 produxit.
656 1997 808 2035 Multas
833 1997 1002 2047 insuper
1026 1996 1316 2047 inscriptiones
1339 1997 1498 2040 latinas.
1528 2011 1730 2048 germano

166 2080 315 2116 sapore
348 2080 551 2116 aspersas,
586 2066 770 2108 dictavit,
805 2076 845 2105 et
879 2067 1014 2117 palam
1055 2067 1263 2110 exhibuit:
1299 2082 1472 2118 quarum
1512 2069 1650 2118 plures
1690 2068 1730 2106 in

167 2136 318 2185 vulgus
352 2136 463 2186 typis
496 2145 594 2175 sunt
628 2137 774 2175 editae.

257 2207 433 2245 Senecta
466 2206 646 2253 ineunte,
684 2207 857 2251 Bastiae,
895 2208 933 2245 111
969 2207 1100 2246 insula
1125 2208 1305 2250 Corsica,
1343 2217 1508 2247 nostrae
1541 2209 1730 2248 stationis

167 2277 451 2327 gubernacula
483 2277 813 2328 quinquennium
849 2279 998 2319 tenuit:
1034 2293 1118 2329 quo
1151 2279 1414 2324 circumacto,
1460 2280 1607 2318 iterum
1642 2280 1732 2318 Mo-

168 2361 343 2385 noecum
376 2347 555 2393 devenit,
590 2356 631 2386 et
675 2348 837 2391 domus,
883 2363 989 2399 quae
1023 2350 1175 2388 Schola
1207 2350 1451 2400 Apostolica
1484 2351 1728 2401 appellatur,

166 2417 349 2456 habenas
397 2418 542 2458 tenuit.
579 2418 739 2457 Exinde
788 2419 985 2458 Clierium
1036 2434 1078 2458 se
1122 2420 1310 2466 contulit,
1344 2429 1385 2459 et
1417 2421 1568 2460 domus
1600 2422 1731 2461 Anto-

167 2488 323 2533 nianae,
359 2490 595 2539 complures
639 2504 782 2532 annos.
818 2500 1010 2541 sumptus
1042 2492 1214 2532 curavit.
1250 2492 1475 2531 Consultor
1518 2501 1731 2543 praeterea

168 2559 408 2610 provinciae
439 2560 510 2598 diu
543 2560 713 2600 exstitit.
748 2561 918 2599 Taurini
951 2562 1119 2600 demum
1160 2562 1200 2600 in
1225 2562 1428 2614 Collegio,
1470 2564 1534 2602 cui
1568 2565 1731 2602 lsfz'tuto

168 2630 325 2669 Sociale
358 2644 509 2668 nomen
542 2639 604 2669 est
637 2631 802 2672 factum.
838 2633 990 2671 nostris
1023 2634 1236 2672 sodalibus
1258 2634 1458 2684 magister
1480 2635 1646 2686 pietatis
1668 2644 1732 2674 est

165 2700 298 2739 datus.
335 2702 482 2752 Neque
516 2709 667 2745 tamen,
703 2702 766 2740 his
799 2704 1055 2742 vertentibus
1079 2705 1209 2747 annis.
1245 2705 1402 2744 litteras
1436 2706 1664 2756 politiores,
1690 2706 1730 2744 in

166 2771 318 2822 quibus
350 2772 537 2810 colendis
571 2772 795 2822 plurimum
830 2787 872 2812 se
906 2774 1082 2817 amabat.
1115 2775 1261 2814 missas
1285 2776 1390 2814 fecit.
1417 2777 1538 2822 Nam,
1574 2777 1642 2814 ubi
1667 2790 1731 2815 res

167 2842 409 2892 postularet,
446 2843 509 2880 vel
542 2842 679 2884 etiam.
706 2844 762 2882 uti
786 2844 933 2886 aiebat.
961 2845 1040 2883 stili
1074 2846 1305 2887 exercendi.
1336 2848 1398 2885 vel
1432 2847 1572 2897 potius
1604 2847 1728 2885 animi
