1926 3200
871 757 986 794 VIII.

637 971 979 1020 ALOISIVS
1042 971 1230 1019 BADO

264 1385 433 1419 ENUAE,
470 1373 597 1412 nobili
631 1374 670 1411 in
705 1374 816 1420 urbe,
853 1373 936 1412 vita
969 1374 1046 1412 frui
1085 1374 1223 1424 coepit
1261 1388 1371 1413 anno
1405 1383 1618 1425 reparatae
1651 1389 1709 1414 sa-

291 1444 388 1483 lutis
411 1455 671 1482 MDCCCXIII.
693 1444 907 1495 Elegantis
926 1443 1082 1495 ingenii
1100 1444 1354 1491 adolescens,
1381 1445 1485 1483 bene
1509 1454 1707 1492 moratus,

146 1525 185 1554 et
219 1514 361 1566 pietati
394 1514 582 1565 apprime
615 1515 790 1560 deditus,
825 1514 965 1553 divina
998 1514 1189 1553 humanis
1228 1516 1473 1561 anteferens,
1508 1516 1707 1555 Societati

148 1587 241 1625 Iesu
275 1600 318 1624 se
350 1585 549 1636 applicuit
583 1584 722 1624 Cherii
757 1585 796 1623 in
820 1585 1026 1631 Taurinis,
1051 1585 1194 1636 paucis
1218 1595 1313 1636 post
1347 1586 1559 1625 mensibus
1583 1600 1707 1637 quam

149 1657 366 1696 Provincia
398 1656 667 1695 Taurinensis
701 1656 741 1695 S.
778 1657 808 1695 I.
847 1671 870 1694 a
910 1656 1127 1695 Provincia
1165 1658 1357 1696 Romana
1390 1658 1575 1696 seiuncta
1607 1666 1707 1696 erat.

150 1727 318 1767 Pietatis
351 1727 543 1766 tirocinio
577 1727 761 1765 nondum
796 1727 916 1777 plane
939 1728 1141 1774 confecto,
1177 1728 1307 1766 Isa'l'ae
1341 1728 1596 1774 Carminatii‚
1622 1729 1710 1767 rhe—

146 1798 247 1837 toris
280 1797 608 1848 praeclarissimi,
635 1797 776 1835 ludum
802 1797 1026 1848 ingressus,
1051 1812 1303 1848 quamquam
1329 1799 1453 1837 breve
1481 1798 1707 1837 admodum

147 1878 312 1919 tempus
344 1868 431 1906 eius
465 1868 541 1906 sub
574 1867 768 1918 auspiciis
801 1867 956 1906 litteras
989 1868 1174 1915 recoluit,
1209 1868 1412 1907 maximos
1445 1878 1583 1908 tamen
1617 1883 1709 1919 pro-

146 1953 314 1991 gressus
347 1938 493 1978 effecit.
530 1939 628 1977 Erat
662 1938 770 1977 enim
806 1938 845 1976 in
879 1952 940 1985 eo,
966 1947 1053 1977 tum
1084 1939 1197 1978 latini
1221 1948 1261 1978 et
1286 1939 1421 1986 italici,
1457 1949 1544 1978 tum
1568 1940 1707 1991 graeci

145 2010 349 2049 sermonis
397 2009 625 2060 exquisitus
673 2010 724 2048 ab
774 2009 861 2059 ipsa
903 2010 1181 2048 adolescentia
1215 2023 1350 2060 sapor,
1387 2024 1467 2048 una
1500 2024 1593 2048 cum
1626 2009 1706 2060 pri-

146 2094 311 2120 scorum
345 2088 560 2118 auctorum
594 2079 741 2118 notitia
773 2079 1085 2130 copiosissima3
1120 2088 1244 2130 atque
1286 2080 1390 2119 adeo
1424 2080 1612 2119 doctrina
1645 2094 1708 2118 ae-

146 2160 273 2190 tatem
308 2150 542 2190 antevertit.

235 2221 393 2260 Sassari
429 2221 467 2259 in
503 2221 634 2259 insula
667 2221 857 2259 Sardinia
890 2220 1046 2259 litteras
1077 2221 1338 2260 honestiores
1361 2221 1520 2268 docuit;
1555 2235 1708 2271 easque

146 2300 292 2343 postea
325 2292 463 2331 Cherii
498 2291 727 2330 iunioribus
760 2305 857 2330 suae
890 2292 1128 2342 provinciae
1167 2292 1222 2330 ita
1260 2291 1442 2338 tradidit,
1483 2300 1527 2331 ut
1559 2291 1707 2343 optimi

146 2363 432 2414 praeceptoris
466 2377 616 2401 munus
650 2362 973 2401 cumulatissime
1006 2364 1240 2402 absolverit.
1278 2364 1384 2401 Nam
1409 2364 1485 2401 hac
1519 2363 1559 2401 in
1593 2364 1706 2409 urbe,

146 2435 388 2473 sexennium
423 2434 671 2473 rhetoricam
706 2435 929 2485 professus,
966 2435 1201 2485 complures
1235 2435 1287 2473 ad
1319 2434 1619 2473 humanitatem
1654 2434 1710 2472 in-

147 2505 352 2552 formavit,
388 2505 458 2557 qui
492 2506 761 2556 postmodum
787 2519 1043 2556 magnopere
1067 2505 1107 2543 in
1136 2505 1282 2544 litteris
1306 2505 1586 2544 innotuerunt.
1616 2506 1707 2543 Hos

148 2576 264 2622 inter,
290 2576 461 2617 honoris
484 2590 599 2627 ergo,
625 2576 874 2626 compellare
892 2575 990 2614 libet
1016 2577 1213 2614 Ioannem
1238 2576 1463 2626 Iosephum
1489 2576 1707 2622 Francum,

147 2655 188 2685 et
221 2646 441 2685 Camillum
489 2646 715 2685 Arborium
751 2647 930 2685 Mellam.
966 2647 1138 2685 Genuae
1185 2646 1445 2697 Theologiae
1492 2646 1708 2697 quadrien-

146 2716 259 2755 nium
307 2726 513 2767 operatus‚
565 2726 604 2756 et
651 2717 884 2755 sacerdotio
932 2726 1098 2763 auctus,
1149 2718 1328 2755 Romam
1378 2725 1438 2755 est
1482 2717 1705 2767 profectus,

146 2786 284 2838 ibique
317 2788 505 2833 alterum,
541 2801 617 2838 pro
651 2787 803 2826 nostris
837 2787 1035 2834 moribus,
1075 2787 1241 2838 pietatis
1284 2786 1520 2826 tirocinium
1554 2786 1705 2837 exegit.

148 2857 334 2896 Subinde
367 2858 407 2896 in
440 2858 619 2907 collegio
643 2858 861 2897 Albertino
885 2858 1096 2897 Genuensi
1120 2857 1273 2896 scholis
1307 2857 1571 2896 moderandis
1594 2870 1707 2907 prae-
