1926 3200
820 205 1081 244 „175-

167 302 356 347 familias,
391 302 503 352 apud
524 302 667 340 Patres
701 299 942 339 Cardinales
981 299 1236 339 dirimendas
1270 310 1443 345 curaret.
1484 311 1524 342 ct
1561 317 1727 341 causam

165 381 332 412 nostrae
367 372 588 411 Societatis
620 372 842 423 praecipue
880 379 1077 410 tueretur.
1113 372 1207 422 Qua
1250 372 1460 423 legatione
1494 373 1730 412 felicissime

164 444 367 488 confecta,
403 443 593 494 quamvis
627 451 825 494 provecta
857 450 1003 488 aetate,
1048 442 1215 481 tertium
1250 443 1301 481 ad
1336 443 1462 481 Indos
1497 444 1585 482 vela
1619 445 1727 489 fecit,

164 523 206 553 et
240 514 459 566 naufragio
492 523 715 565 superstes,
739 514 792 553 ad
814 528 911 552 suos
934 514 1113 553 devenit.
1145 515 1386 553 Moderator
1409 514 1578 566 insuper
1601 516 1728 554 totius

168 587 386 626 [llissiom‘s
419 585 690 624 malabaricae
722 594 784 624 est
817 585 1081 631 constitutus,
1112 593 1152 624 et
1185 585 1363 624 triennio
1396 586 1660 630 circumacto.
1687 587 1727 625 in

170 657 436 696 Bombaiensi
479 656 650 707 regione
694 657 866 707 longum
909 656 1137 695 admodum
1181 665 1346 708 tempus
1379 671 1537 696 sacram
1571 658 1729 696 theolo-

167 729 280 779 giam
305 727 553 779 explanavit.
578 727 646 765 Ad
670 727 859 766 ultimum
884 727 923 765 in
948 728 1190 766 stlissionem
1214 728 1589 779 mangalorensem,
1622 743 1728 779 quae

165 799 378 838 sodalibus
410 797 648 849 provinciae
686 805 858 836 venetae
891 811 1033 836 recens
1066 798 1288 837 commissa
1320 807 1419 845 erat,
1455 800 1563 838 ultro
1597 808 1726 839 trans-

166 871 329 916 ductus,
365 868 621 919 theologiam
656 868 854 906 moralem
888 882 1100 907 sacrorum
1129 869 1305 907 alumnis
1328 869 1477 908 iterum
1510 871 1725 909 enuclean-

165 941 261 980 dam
295 939 488 989 suscepit.

255 1010 423 1049 Viribus
457 1009 497 1047 in
530 1009 618 1048 dies
651 1008 952 1054 deficientibus,
987 1010 1252 1048 scientiarum
1295 1011 1538 1062 magisterio
1571 1011 1723 1062 posito,

165 1081 205 1120 in
238 1081 417 1131 collegio
451 1079 759 1131 mangalorensi
794 1080 945 1119 uostris
979 1081 1191 1120 sodalibus
1220 1081 1420 1133 magister
1452 1082 1618 1133 pietatis
1661 1092 1724 1122 est

161 1152 297 1191 datus.
334 1154 482 1203 Neque
515 1152 593 1190 hoc
626 1166 709 1191 uno
742 1152 882 1190 labore
914 1160 1134 1191 contentus
1167 1161 1266 1192 erat.
1302 1153 1471 1204 Quippe
1505 1153 1723 1205 indigenas

163 1223 338 1262 consilio
372 1223 550 1269 iuvabat,
586 1237 730 1261 eorum
770 1223 1043 1262 conscientias
1083 1224 1266 1274 regebat,
1310 1224 1607 1276 expiabatque;
1643 1239 1724 1263 me-

161 1293 437 1332 diastinorum
471 1307 611 1332 curam
655 1293 872 1332 sollicitam
915 1293 1105 1339 habebat,
1150 1294 1254 1339 lites,
1290 1309 1396 1345 quae
1429 1295 1534 1334 forte
1568 1295 1607 1333 in
1642 1310 1723 1334 ma-

162 1363 368 1403 trimoniis
387 1364 681 1403 contrahendis
700 1364 1009 1409 oboriebantur,
1030 1364 1241 1404 Antistitis
1259 1365 1359 1411 vice,
1380 1365 1612 1412 dirimebat,
1633 1366 1722 1416 pias

161 1435 346 1485 virgines
381 1435 473 1473 Deo
506 1435 678 1473 devotas
711 1435 763 1473 ad
795 1435 1034 1486 religiosam
1068 1435 1378 1486 perfectionem,
1413 1444 1453 1475 et
1486 1437 1636 1476 milites
1666 1446 1721 1475 ta-

162 1505 336 1543 mulicos
369 1505 422 1543 ad
454 1505 651 1555 pietatem
700 1506 937 1544 sectandam
988 1505 1248 1545 informabat.
1295 1507 1435 1557 Quum
1473 1521 1644 1558 gravem
1680 1507 1719 1545 iu

162 1576 356 1613 morbum
391 1575 613 1622 incidisset,
661 1577 879 1615 Maduram
923 1584 985 1615 est
1018 1577 1181 1623 missus,
1217 1585 1262 1616 ut
1293 1577 1575 1617 valetudinem
1610 1592 1721 1617 recu-

104 1638 107 1640 *
159 1655 336 1696 peraret.
371 1647 526 1684 Verum
561 1647 601 1684 in
636 1647 793 1694 itinere,
827 1648 1020 1698 apoplexi
1048 1651 1280 1699 correptus,
1316 1657 1356 1687 et
1389 1649 1594 1700 religiosis
1627 1649 1720 1688 sub-

159 1716 278 1755 sidiis
312 1731 335 1755 a
370 1717 412 1755 Ρ.
459 1716 661 1767 Quintino
696 1718 807 1763 Sani,
842 1718 984 1756 sodale
1026 1727 1066 1757 et
1109 1718 1265 1757 itineris
1308 1719 1473 1765 comite,
1519 1720 1716 1764 munitus,

161 1787 202 1825 in
236 1787 452 1838 oppidulo,
502 1788 567 1826 cui
616 1802 768 1827 nomen
817 1789 968 1835 Erode,
1019 1790 1197 1828 obscuro
1244 1790 1400 1829 scilicet
1438 1790 1478 1828 in
1511 1791 1615 1833 loco.
1661 1791 1719 1830 uti

160 1858 317 1896 iamdiu
350 1859 730 1909 praenunciaverat,
765 1859 945 1897 animam
988 1859 1086 1911 egit,
1131 1868 1171 1899 et
1215 1861 1254 1898 in
1297 1861 1484 1899 aedicula
1515 1862 1718 1900 catholica

158 1929 400 1968 inhumatus
433 1938 507 1974 est,
543 1945 652 1969 anno
685 1930 910 1970 christiano
945 1942 1298 1977 MDCCCLXXXIX,
1333 1933 1480 1972 aetatis
1514 1934 1720 1985 undesep-

157 2001 409 2052 tuagesimo,
435 2015 458 2039 a
481 2001 676 2052 religiosa
699 2010 896 2052 quattuor
914 2011 1107 2041 votorum
1126 2003 1384 2053 professione
1408 2004 1617 2043 tricesimo
1639 2007 1716 2056 (2).

247 2072 322 2110 Vir
354 2071 441 2115 fuit.
477 2086 560 2110 non
594 2073 722 2111 modo
755 2073 916 2119 doctus,
952 2073 1025 2111 sed
1058 2073 1151 2124 pius
1195 2073 1234 2111 in
1277 2075 1527 2124 exemplum,
1574 2074 1629 2113 ita
1672 2084 1718 2114 ut

154 2142 372 2181 doctrinae
405 2143 569 2181 laudem
604 2143 757 2194 pietate
789 2143 1073 2182 cumulaverit.
1109 2144 1320 2194 Singulari
1345 2145 1384 2183 in
1410 2146 1545 2183 Deum
1580 2155 1621 2185 et
1645 2146 1716 2185 ho-

154 2214 287 2252 mines
322 2227 465 2252 amore
498 2214 716 2253 serebatur.
752 2214 943 2253 Orationi
978 2214 1164 2265 impense
1195 2216 1423 2254 admodum
1458 2215 1712 2261 intendebat,

152 2292 278 2335 atque
314 2284 409 2323 hinc
432 2284 540 2323 vires
564 2285 728 2323 haurire
751 2285 923 2328 solebat.
950 2285 1100 2336 quibus
1124 2294 1185 2324 tot
1207 2286 1381 2329 labores,
1409 2287 1448 2324 in
1476 2287 1553 2325 Dei
1579 2288 1717 2337 gloria

152 2362 193 2393 et
243 2355 475 2393 animarum
523 2356 653 2394 salute
686 2356 958 2406 procuranda,
1003 2356 1055 2394 ad
1098 2370 1229 2395 annos
1277 2357 1555 2408 quadraginta
1598 2359 1714 2409 apud

154 2425 283 2463 Indos
307 2425 416 2464 ultro
440 2433 502 2464 est
525 2440 762 2477 perpessus.
789 2426 972 2471 Cunctis,
999 2427 1056 2465 uti
1080 2441 1177 2465 suae
1210 2436 1296 2466 erat
1329 2428 1433 2478 opis,
1469 2429 1714 2478 praesertim

155 2495 423 2546 pauperibus,
458 2505 624 2546 praesto
648 2506 747 2543 erat,
773 2506 819 2536 ut
842 2498 1048 2536 neminem
1072 2512 1212 2543 unum,
1238 2498 1315 2537 nisi
1339 2499 1424 2538 voti
1459 2508 1712 2550 compotem,

156 2567 220 2604 vel
255 2566 395 2605 animo
438 2567 704 2618 tranquillum
747 2583 770 2606 a
813 2582 856 2606 se
899 2569 1114 2608 dimiserit.
1158 2569 1299 2620 Quum
1334 2570 1373 2607 in
1411 2584 1460 2607 eo
1502 2579 1623 2616 esset,
1669 2580 1714 2609 ut

154 2637 274 2676 terris
318 2637 577 2684 valediceret,
621 2647 735 2677 tanta
778 2639 931 2690 pietate
976 2640 1067 2678 Iesu
1100 2640 1210 2678 cruci
1247 2654 1446 2691 appenso,
1481 2640 1597 2679 cuius
1630 2642 1711 2680 effi-

156 2707 267 2759 giem
304 2708 343 2746 in
368 2722 491 2746 manu
515 2710 693 2754 tenebat,
719 2724 762 2748 se
784 2711 1106 2757 commendavit,
1132 2719 1175 2750 ut
1197 2712 1440 2750 administcr
1464 2712 1710 2756 hacreticus.

155 2778 227 2829 qui
260 2779 365 2818 forte
412 2780 565 2826 aderat,
601 2781 789 2819 lacrimas
837 2782 1031 2820 cohibere
1064 2782 1308 2833 nequiverit,
1344 2783 1464 2834 eique
1498 2784 1713 2834 complura

154 2848 320 2899 pietatis
353 2849 486 2888 officia
519 2860 730 2901 praestare
763 2865 845 2890 non
878 2852 1143 2891 dubitaverit.
