1926 3200
215 342 354 376 tatem,
390 342 514 383 atque
547 332 633 370 auri
668 344 825 369 sacram
849 330 1011 372 samem,
1037 330 1153 368 cuius
1177 330 1407 380 explendae
1437 344 1559 368 causa
1594 329 1688 367 illuc
1714 343 1779 367 ve-

216 404 384 445 nissent,
420 416 494 441 nec
527 402 756 453 quidquam
789 400 906 451 pensi
939 409 979 438 et
1003 400 1132 439 sancti
1157 400 1368 443 haberent,
1401 413 1528 451 quum
1564 414 1606 438 se
1640 400 1779 438 catho-

216 475 303 514 licis
321 473 579 524 contemptui
603 486 694 512 esse
716 471 1106 515 animadverterent,
1132 471 1212 509 alio
1231 471 1443 515 abeuntes,
1469 470 1778 521 optatissimum

217 546 410 584 omnibus
458 543 704 583 beneficium
753 542 1005 581 obtulerunt.
1048 542 1177 580 Porro
1218 542 1315 580 satis
1359 541 1496 579 mirari
1535 542 1776 592 nequibant,

221 618 355 655 virum
390 624 505 654 tanto
538 614 772 665 praeditum
807 613 976 663 ingenio
1024 622 1064 652 et
1097 613 1298 657 doctrina,
1341 613 1499 652 ltaliam
1544 622 1669 663 atque
1704 612 1782 650 Eu-

219 700 377 738 ropam,
413 686 453 724 in
486 685 602 724 cuius
635 685 725 723 luce
758 683 925 727 versari,
951 692 990 722 et
1015 684 1054 722 in
1088 684 1246 723 honore
1279 683 1421 722 haberi
1455 692 1608 734 posset,
1644 683 1780 721 adhuc

221 757 381 797 florenti
414 765 560 802 aetate,
611 769 684 794 sua
731 763 892 805 sponte,
943 754 1193 801 deseruisse:
1228 763 1269 793 et
1312 754 1351 792 in
1399 762 1603 793 extremas
1638 753 1780 792 mundi

220 837 371 880 partes,
408 827 513 866 inter
546 826 670 864 rudes
694 826 976 875 barbarosque
999 825 1201 871 homines,
1227 839 1317 863 sese
1340 824 1505 875 penitus
1539 824 1780 863 occuluisse.

310 900 478 937 Praeter
511 897 697 947 linguam
731 896 936 947 gallicam,
986 910 1124 946 quam,
1175 896 1232 934 uti
1282 896 1513 941 docuimus,
1562 897 1613 934 ab
1646 895 1781 934 adole-

218 969 375 1008 scentia
408 967 578 1019 egregie
612 974 797 1009 noverat,
832 974 872 1004 et
905 966 1124 1017 anglicam,
1161 980 1285 1016 quam
1319 974 1465 1016 postea
1497 966 1618 1016 plane
1650 965 1783 1016 perdi-

218 1039 337 1085 dicit,
373 1047 455 1078 tres
490 1051 633 1076 eorum
668 1038 921 1088 populorum
964 1036 1186 1079 dialectos,
1236 1036 1485 1087 asperrimas
1533 1045 1657 1086 atque
1705 1050 1781 1074 usu

216 1109 490 1155 difficillimas,
534 1109 665 1159 probe
715 1107 859 1147 tenuit.
910 1108 1093 1146 Lexicon
1141 1107 1305 1146 dialecti
1354 1107 1614 1158 praecipuae,
1657 1121 1781 1157 quam

221 1179 493 1231 Kalispeliam
527 1188 691 1225 vocant,
717 1178 975 1229 conscripsit,
1001 1187 1041 1217 et
1064 1178 1206 1229 praelo
1230 1178 1409 1223 librario,
1435 1192 1590 1229 magno
1614 1186 1782 1228 sumptu

217 1257 424 1301 coempto,
446 1250 655 1289 Montium
674 1250 929 1289 Saxosorum
954 1249 1164 1301 indigenis
1187 1249 1397 1288 edendum
1420 1249 1640 1288 commisit.
1661 1248 1782 1286 Alios

217 1321 341 1360 etiam
360 1320 534 1366 libellos,
554 1320 620 1358 vel
640 1320 788 1359 eodem
808 1334 1012 1366 sermone,
1033 1321 1096 1358 vel
1115 1320 1293 1371 anglico,
1315 1320 1355 1357 in
1372 1319 1505 1358 lucem
1524 1319 1652 1363 dedit,
1678 1332 1784 1369 quos

221 1392 323 1430 infra
356 1390 676 1430 recensebimus.
713 1391 961 1441 Complures
994 1391 1204 1442 epistolas,
1239 1390 1462 1429 christiana
1494 1389 1696 1441 sapientia
1728 1389 1784 1427 in-

219 1463 372 1513 signes,
408 1463 461 1501 ad
494 1470 674 1508 nostros,
709 1470 780 1500 aut
812 1462 865 1500 ad
896 1461 1053 1500 alienos
1087 1461 1211 1507 misit,
1242 1461 1393 1512 quibus
1427 1475 1491 1499 res
1524 1460 1780 1511 praecipuaS,

221 1548 243 1570 a
276 1546 332 1578 se,
367 1533 432 1571 vel
465 1547 488 1570 a
521 1532 605 1571 suis
638 1532 851 1571 sodalibus
885 1533 924 1570 in
958 1532 1084 1571 sacris
1118 1531 1455 1583 expeditionibus
1493 1540 1688 1582 patratas,
1722 1545 1783 1569 ac-

219 1611 358 1641 curate
391 1603 618 1641 admodum
652 1611 715 1642 est
746 1612 1002 1654 persecutus.
1029 1604 1075 1641 In
1109 1603 1172 1642 his
1202 1603 1254 1641 de
1278 1616 1322 1641 se
1345 1602 1515 1654 quidem
1548 1601 1779 1646 minimum,

222 1674 285 1711 vel
318 1673 443 1712 tacito
477 1673 656 1719 nomine,
696 1674 748 1712 de
780 1673 927 1712 ceteris
960 1688 1059 1713 vero
1103 1674 1327 1725 plurimum
1366 1682 1407 1712 et
1444 1672 1688 1712 nominatim
1727 1672 1783 1710 lo-

222 1743 374 1794 quitur.
412 1744 542 1782 Porro
575 1743 670 1782 hinc
697 1752 759 1782 est
784 1743 988 1790 effectum,
1013 1753 1058 1783 ut
1081 1745 1350 1795 quamplures
1374 1752 1540 1783 nostrae
1564 1742 1784 1782 Societatis

221 1814 389 1857 alumni,
426 1813 608 1865 ingenio,
643 1814 845 1857 doctrina,
880 1823 920 1853 et
952 1815 1105 1865 pietate
1138 1823 1409 1866 praestantes,
1445 1815 1497 1852 ad
1521 1814 1688 1852 Montes
1711 1814 1781 1851 Sa-

224 1898 348 1923 xosos
382 1898 472 1922 sese
505 1884 785 1930 transferrent,
820 1893 860 1923 et
894 1885 1089 1931 Giordae‚
1125 1885 1165 1923 in
1198 1899 1246 1924 ea
1279 1885 1474 1936 religiosa
1511 1884 1631 1922 vinea
1663 1897 1781 1922 exco-

221 1956 355 2001 lenda,
392 1955 578 1994 subsidio
601 1955 802 1995 venirent.
830 1956 975 2006 Itaque
999 1956 1121 1995 huius
1145 1970 1284 1995 sacrae
1307 1956 1583 2007 expeditionis
1607 1954 1785 2005 operarii

222 2034 441 2076 tantopere
479 2040 732 2071 succrevere,
774 2035 818 2065 ut
857 2026 927 2077 qui
975 2035 1070 2065 ante
1103 2026 1288 2065 Giordae
1335 2027 1561 2065 adventum
1610 2025 1783 2076 septeni,

221 2096 284 2134 vel
317 2097 456 2135 octoni
490 2106 640 2141 essent,
691 2098 975 2147 postmodum,
1010 2111 1060 2136 eo
1092 2098 1229 2136 adhuc
1270 2097 1379 2143 vivo,
1414 2097 1466 2135 ad
1500 2096 1781 2147 quadraginta

223 2176 552 2207 numerarentur.
589 2168 795 2218 Quocirca
828 2182 958 2206 novas
991 2168 1195 2207 sodalium
1236 2176 1474 2206 nostrorum
1509 2167 1706 2206 stationes
1741 2166 1781 2204 in

220 2252 268 2276 ea
301 2238 472 2290 regione
505 2239 731 2281 constituit,
768 2253 850 2277 non
884 2239 1011 2278 modo
1034 2239 1146 2290 apud
1171 2239 1401 2290 indigenas,
1428 2239 1501 2276 sed
1525 2238 1648 2276 etiam
1670 2237 1783 2288 apud

221 2309 489 2360 alienigenas,
525 2323 631 2360 quos
664 2311 793 2348 Albos
826 2310 1050 2360 appellant.

311 2380 452 2430 Quum
487 2379 615 2431 igitur
648 2389 787 2419 tantus
820 2389 942 2423 esset,
977 2380 1165 2431 tantique
1198 2380 1313 2419 fieret
1346 2381 1396 2419 ab
1430 2379 1635 2425 omnibus,
1670 2393 1780 2418 com-

226 2451 365 2501 plures
414 2450 626 2501 Episcopi,
676 2451 741 2489 vel
789 2465 941 2497 coram,
992 2451 1055 2489 vel
1104 2450 1272 2501 scripto,
1322 2465 1416 2489 eum
1451 2450 1491 2489 in
1525 2449 1784 2501 gravissimis

224 2520 538 2571 quaestionibus
573 2521 630 2560 uti
663 2522 875 2560 oraculum
899 2522 1182 2567 consulebant,
1213 2535 1353 2572 seque,
1379 2534 1562 2571 suosque
1585 2519 1673 2558 eius
1697 2534 1785 2570 pre-

223 2591 339 2630 cibus
372 2592 733 2631 commendabant.
770 2592 1007 2637 Enimvero,
1044 2592 1201 2631 Giorda
1233 2592 1317 2630 vita
1349 2592 1504 2637 functo,
1536 2605 1691 2642 magno
1715 2605 1785 2628 nu-

226 2675 340 2701 mero
373 2661 586 2712 epistolae,
622 2662 784 2712 aliaque
818 2662 1123 2712 Episcoporum
1157 2663 1408 2700 documenta
1452 2661 1784 2706 existimationis,

226 2741 266 2770 et
299 2732 613 2770 benevolentiae
646 2732 884 2771 testimonia
917 2746 1016 2781 erga
1050 2732 1178 2777 illum,
1214 2733 1253 2770 in
1287 2732 1375 2771 eius
1409 2732 1568 2771 scriniis
1601 2740 1696 2770 sunt
1729 2745 1786 2769 re-

227 2810 365 2853 perta;
401 2816 507 2852 quae
540 2803 690 2847 omnia,
727 2803 784 2841 uti
819 2803 906 2853 ipse
931 2802 1265 2853 praescripserat,
1301 2803 1518 2842 combusta
1551 2810 1659 2841 sunt.
1695 2803 1786 2840 Hos

227 2872 331 2910 inter
364 2872 610 2923 praecipuus
648 2873 803 2912 exstitit
852 2873 1025 2911 Carolus
1075 2873 1337 2922 Seghersius,
1388 2872 1785 2911 Vancuveriensium

1701 2966 1716 2989 t<
