1926 3200
855 184 1086 222 ,79-

190 279 404 331 gnominis
437 279 661 318 sacrarium
696 278 821 325 ducit,
848 291 1088 329 appensam,
1114 277 1240 316 fuisse
1263 278 1456 323 locutam,
1484 277 1548 316 vel
1581 276 1756 316 comiter

191 349 428 390 subrisisse.

281 422 437 459 Verum
471 421 571 459 haec
619 429 831 471 postrema
878 419 1043 458 silentio
1090 433 1278 458 evenere.
1329 419 1424 458 Alia
1455 419 1670 470 complura
1703 418 1756 457 de

191 492 420 531 Torniellio
438 491 720 543 perhibentur,
747 491 898 542 quibus
919 492 1034 529 Deus
1054 490 1251 541 Optimus
1270 490 1479 529 Maximus
1498 489 1586 528 eius
1609 488 1755 528 sancti-

193 571 319 602 tatem
354 564 483 614 vulgo
516 562 712 601 adseruit.
749 562 918 601 Potiora
950 561 1064 601 iuvat
1086 561 1304 613 attingere.
1331 562 1472 612 Quum
1496 560 1753 605 concionem,

193 633 233 672 in
257 634 440 685 quodam
475 633 691 673 Sardiniae
723 647 849 684 pago,
884 633 936 671 ad
958 633 1161 683 populum
1190 633 1373 679 haberet,
1409 632 1556 682 ingens
1590 631 1755 670 nimbus

192 714 362 756 repente
395 714 457 743 est
489 712 669 750 coortus,
705 712 750 743 ut
783 704 977 742 tenebrae
1015 703 1125 742 diem
1168 703 1393 754 eriperent,
1438 712 1479 742 et
1521 702 1754 754 fulgoribus

191 776 518 821 coruscantibus,
553 775 735 814 tonitrua
758 775 923 825 fragore
947 774 1109 813 coelum
1133 788 1256 813 omne
1289 775 1558 825 complerent.
1585 773 1755 812 Cunctis

192 854 305 885 metu
337 845 683 896 traepidantibus,
719 844 989 883 Torniellius:
1024 858 1047 883 «
1082 846 1245 890 Nemo,
1281 844 1441 895 inquit,
1477 844 1572 882 hinc
1604 844 1754 895 pedem

193 917 353 956 referat.
389 918 453 955 Ne
486 929 567 954 una
600 915 769 966 quidem
803 929 935 966 aquae
968 923 1088 966 gutta
1110 929 1235 966 super
1257 929 1331 954 vos
1354 915 1540 961 decidet,
1565 929 1612 953 ac
1640 914 1755 953 brevi

195 987 349 1026 nullam
374 986 413 1024 in
437 992 530 1024 aere
553 999 798 1036 suspensam
832 986 985 1024 nubem
1018 985 1282 1036 conspicietis
1309 1000 1358 1024 ».
1394 986 1532 1024 Verba
1564 985 1757 1036 probavit

193 1066 382 1097 eventus.
406 1058 475 1096 Ad
499 1057 715 1096 hominum
740 1056 1063 1103 multitudinem,
1098 1071 1223 1108 quam
1247 1057 1462 1108 templum,
1490 1056 1530 1095 in
1555 1070 1640 1108 quo
1664 1070 1757 1095 con-

193 1128 450 1175 cionabatur,
486 1128 555 1166 vix
602 1136 780 1178 caperet,
831 1127 909 1166 alia
953 1127 1243 1179 copiosissima
1274 1141 1296 1166 e
1329 1127 1597 1179 propioribus
1637 1127 1757 1178 pagis

191 1199 378 1246 accessit,
414 1207 460 1238 ut
492 1198 592 1237 nulli
627 1207 766 1238 tamen
815 1199 930 1237 locus
978 1198 1168 1238 defuerit.
1219 1199 1395 1237 Duobus
1429 1198 1469 1236 in
1503 1198 1604 1237 locis
1638 1212 1758 1237 aures

193 1270 375 1308 admissa
407 1268 631 1308 fatentibus
676 1283 758 1307 uno
806 1278 995 1320 tempore
1038 1270 1237 1320 praebere
1275 1277 1338 1308 est
1379 1269 1504 1308 visus.
1551 1269 1755 1320 Lampadi

193 1354 356 1391 aquam,
392 1340 506 1391 quod
538 1340 675 1379 oleum
709 1339 749 1378 in
783 1354 979 1390 praesens
1012 1354 1095 1379 non
1128 1340 1390 1391 suppetebat,
1425 1339 1583 1378 infundi
1619 1339 1754 1386 iussit;

189 1425 323 1462 eaque
356 1411 408 1449 ad
442 1410 647 1461 integram
682 1418 845 1449 noctem
878 1410 1099 1461 splendere
1121 1425 1204 1449 non
1237 1410 1408 1450 destitit.
1435 1411 1550 1461 Quot
1572 1410 1756 1461 aegrotis

190 1497 214 1521 a
248 1483 340 1521 Deo
373 1482 478 1520 bene
510 1490 573 1520 est
605 1490 809 1532 precatus,
844 1489 906 1520 tot
938 1481 1070 1520 serius
1100 1481 1215 1520 ocius
1248 1482 1560 1521 convaluerunt.

283 1552 410 1603 Quod
443 1551 610 1591 Caietae
643 1552 792 1591 accidit
840 1552 973 1603 magis
1021 1552 1098 1591 fuit
1145 1552 1344 1592 mirabile.
1386 1553 1553 1604 Pelago,
1589 1567 1639 1591 ex
1672 1567 1756 1603 quo

193 1623 423 1674 piscatores
442 1623 599 1661 nullum
624 1622 866 1661 iamdudum
890 1623 1047 1674 piscem
1071 1632 1278 1674 ceperant,
1304 1624 1418 1674 quod
1437 1623 1553 1670 scari,
1580 1623 1755 1674 piscium

193 1707 328 1744 genus
360 1693 595 1744 pergrande
627 1707 673 1732 ac
700 1693 998 1743 praevalidum,
1024 1693 1126 1732 retia
1154 1694 1464 1741 abscindebant,
1490 1694 1754 1740 Torniellius‚

192 1763 447 1814 piscatorum
481 1772 643 1814 rogatu,
679 1777 722 1802 re
755 1763 895 1802 divina
927 1765 979 1802 ad
1003 1778 1117 1803 oram
1141 1764 1286 1815 ipsam,
1312 1779 1476 1803 summo
1510 1779 1642 1811 mane,
1667 1779 1756 1816 per-

192 1843 294 1879 acta,
330 1848 437 1885 aqua
470 1834 626 1873 lustrali
661 1834 765 1873 bene
803 1843 866 1873 est
899 1835 1118 1874 ominatus.
1154 1835 1341 1874 Subinde
1374 1835 1603 1886 piscatores
1646 1836 1756 1874 navi-

191 1905 303 1944 culas
327 1905 476 1956 viginti
500 1919 674 1944 numero
698 1905 738 1943 in
762 1906 890 1944 altum
914 1906 1077 1949 ducere,
1103 1914 1143 1945 et
1162 1906 1264 1945 retia
1281 1907 1464 1957 piscibus
1483 1908 1756 1958 praetendere

193 1976 325 2015 iussit.
377 1977 425 2015 Id
473 1990 601 2027 quum
645 1976 961 2027 praestitissent,
1011 1977 1193 2027 piscibus
1227 1977 1475 2029 omnigenis,
1511 1992 1617 2029 quos
1651 1978 1756 2016 inter

195 2061 374 2098 magnus
408 2061 561 2094 scarus,
597 2047 699 2086 retia
732 2056 827 2086 sunt
860 2048 1041 2098 oppleta.
1076 2049 1132 2086 At
1164 2062 1186 2087 e
1218 2049 1494 2099 piscatoribus
1528 2063 1647 2095 unus,
1685 2049 1754 2100 qui

193 2118 438 2157 sollemnem
458 2118 676 2157 Torniellii
699 2118 1048 2169 supplicationem
1068 2119 1203 2158 irrisui
1222 2119 1446 2166 habuisset,
1472 2120 1581 2158 nulla
1605 2120 1759 2170 praeda

194 2196 257 2226 est
290 2188 463 2239 potitus,
498 2202 731 2240 navemque
765 2197 979 2240 praeterea
1011 2189 1257 2240 perfractam
1292 2189 1481 2229 indoluit.

285 2259 403 2309 Quae
437 2259 476 2297 in
510 2259 726 2298 hominum
750 2259 958 2298 mentibus
981 2260 1166 2306 laterent,
1191 2260 1341 2300 abditis
1364 2261 1428 2300 vel
1462 2262 1632 2301 remotis
1656 2262 1756 2301 locis

195 2329 353 2375 fierent,
388 2338 458 2368 aut
490 2338 727 2380 temporum
752 2344 945 2368 successu
973 2339 1173 2369 eventura
1205 2340 1353 2378 essent,
1379 2346 1462 2371 non
1485 2333 1612 2371 semel
1646 2342 1756 2384 pate-

196 2399 303 2438 fecit.
330 2400 564 2446 Nonnullis,
590 2401 790 2451 quamdiu
813 2416 836 2439 a
860 2400 1144 2440 Poenitentiae
1166 2402 1435 2442 Sacramento
1458 2404 1754 2450 abstinuerant,

195 2479 238 2508 et
269 2484 376 2520 quae
408 2480 578 2521 peccata
599 2480 865 2522 patraverant
897 2472 1065 2511 detexit.
1091 2473 1231 2523 Quum
1266 2473 1305 2511 in
1339 2473 1472 2512 insula
1505 2474 1649 2513 Melita
1671 2489 1757 2513 ver-

196 2549 367 2587 saretur,
387 2555 438 2579 ex
456 2541 685 2592 improviso
704 2543 875 2581 domum
894 2542 1109 2581 cuiusdam
1128 2557 1222 2582 aere
1239 2544 1476 2591 laborantis,
1502 2559 1546 2584 se
1568 2546 1755 2592 contulit,

198 2624 323 2661 quem
358 2625 570 2662 nunquam
594 2621 714 2651 antea
738 2621 922 2659 noverat,
948 2613 1117 2664 quique,
1143 2613 1276 2664 impar
1298 2615 1511 2662 solvendo,
1538 2616 1578 2654 in
1602 2625 1757 2655 tantam

198 2681 536 2733 desperationem
555 2684 765 2731 inciderat,
787 2694 830 2724 ut
849 2685 1051 2723 novacula
1075 2685 1154 2723 iam
1178 2685 1257 2724 iam
1280 2686 1357 2725 sibi
1376 2688 1517 2738 gulam
1537 2688 1755 2727 scinderet.

202 2753 309 2790 Eum
343 2753 512 2799 solatus,
547 2754 651 2793 bene
674 2769 841 2805 sperare
873 2755 1011 2801 iussit;
1046 2756 1139 2794 dein
1163 2756 1334 2807 triginta
1356 2757 1541 2809 quinque
1574 2767 1757 2797 scutatos

202 2836 395 2862 nummos
430 2823 484 2862 illi
518 2824 688 2871 obtulit3
724 2825 949 2876 simulque:
985 2840 1006 2864 «
1035 2826 1153 2876 Quos
1190 2827 1318 2866 debes
1356 2827 1553 2879 triginta,
1595 2828 1754 2879 inquit,
