1926 3200
824 240 1087 274 —218—

169 349 231 379 est
264 341 412 387 iussus,
439 350 484 379 ut
508 341 547 379 in
570 341 763 392 collegio,
790 342 904 392 quod
930 342 1176 381 Franciscus
1202 344 1271 389 IV,
1300 343 1602 382 Mutinensium
1628 345 1741 391 Dux,

169 411 323 450 nostris
345 411 559 450 sodalibus
583 426 728 451 recens
751 426 773 450 a
792 413 882 451 solo
900 413 1166 460 excitaverat,
1186 414 1436 453 rhetoricam
1460 415 1739 466 profiteretur.

170 483 319 533 Neque
352 482 518 521 silentio
552 491 614 522 est
647 483 1011 534 praetereundum,
1046 485 1226 523 eundem
1268 485 1551 524 Brescianium
1584 486 1743 525 litteras

168 554 309 604 paullo
342 562 438 592 ante
472 554 525 592 ad
549 553 757 592 Aloisium
783 554 1097 593 Fornaciarium
1131 555 1309 597 dedisse,
1345 556 1496 606 quibus
1530 556 1740 595 rhetorem

166 625 441 671 novensilem,
477 625 537 664 uti
571 625 671 664 artis
704 626 811 664 bene
844 625 1010 664 dicendi
1055 626 1392 673 scientissimum,
1428 637 1469 666 et
1502 627 1542 666 in
1575 628 1743 679 penitis-

167 695 282 735 simis
330 696 586 735 litteraturae
635 697 798 743 latinae,
849 710 1025 748 graecae
1058 706 1098 736 et
1132 697 1292 736 italicae
1336 699 1566 737 rationibus
1601 699 1744 749 pulcre

165 767 394 806 admodum
428 776 657 811 versatum,
694 768 867 806 summis
901 768 1095 807 laudibus
1128 768 1325 808 efferebat
1350 771 1428 813 (¹2⁷).

259 839 404 889 Itaque
439 838 654 877 Ceruttius
688 853 840 877 munus
872 839 1109 890 adgressus,
1135 840 1427 890 expectationi.
1463 854 1588 891 quam
1623 841 1675 879 de
1699 854 1742 879 se

166 909 461 951 concitaverat,
487 909 661 960 egregie
686 910 914 960 respondit.
941 911 1049 948 Nam
1074 910 1234 961 optima
1257 911 1393 949 studia
1416 911 1584 957 invexit,
1610 925 1741 963 eaque

166 980 275 1031 aptis
309 981 453 1031 utique
486 981 722 1031 praeceptis
756 990 882 1031 atque
919 982 1133 1032 exemplis,
1168 996 1218 1020 ex
1252 991 1439 1021 veterum
1465 983 1738 1034 praescripto,

167 1051 394 1091 roboravit.
441 1051 651 1090 Francisci
690 1052 775 1097 IV,
817 1051 975 1090 Mariae
1017 1052 1215 1091 Beatricis
1252 1053 1497 1094 Atestinae.
1534 1063 1573 1092 et
1612 1054 1742 1093 excel-

167 1123 340 1161 lentium
373 1122 527 1161 civium
569 1122 847 1161 Massensium
886 1123 1059 1174 egregia
1096 1124 1293 1164 facinora.
1335 1124 1642 1163 venustissimis
1685 1125 1741 1163 in-

166 1193 475 1243 scriptionibus,
511 1203 551 1232 et
584 1193 838 1232 carminibus
872 1193 1018 1232 italicis
1061 1203 1102 1233 et
1134 1194 1283 1237 latinis,
1330 1195 1369 1233 in
1413 1195 1589 1246 publicis
1635 1210 1742 1246 quae

165 1264 352 1303 exhibuit
400 1264 697 1315 experimentis
735 1265 972 1308 litterariis,
1030 1266 1201 1304 mirifice
1253 1276 1314 1304 est
1367 1276 1615 1317 prosecutus
1660 1269 1737 1317 (3).

167 1337 304 1387 Quam
339 1337 392 1374 ob
427 1350 514 1374 rem
549 1345 707 1374 tantam
742 1336 922 1374 nominis
955 1336 1106 1374 famam
1130 1337 1307 1388 adeptus
1331 1348 1404 1380 est,
1441 1347 1485 1376 ut
1518 1337 1619 1376 nihil
1652 1338 1741 1376 eius

168 1407 282 1445 urbis
315 1406 476 1445 civibus
501 1407 692 1445 litteratis
716 1407 967 1457 praeclarius
991 1407 1177 1446 accidere
1206 1418 1362 1459 posset,
1389 1423 1513 1459 quam
1548 1409 1580 1447 si
1615 1410 1666 1448 ab
1689 1423 1740 1447 eo

166 1479 457 1529 probarentur.

259 1549 357 1587 Post
390 1549 490 1587 haec
525 1548 696 1587 Taurini
732 1549 771 1586 in
807 1549 1000 1600 Collegio
1035 1550 1285 1588 Sanctorum
1311 1551 1543 1600 Martyrum
1579 1551 1740 1589 theolo-

167 1619 271 1671 gicis
305 1619 534 1670 disciplinis
568 1633 739 1670 operam
773 1620 872 1658 dare
895 1620 1046 1671 coepit.
1074 1621 1205 1659 Porro
1230 1620 1269 1658 in
1293 1634 1340 1659 ea
1374 1621 1516 1660 incidit
1549 1629 1739 1672 tempora

166 1690 537 1733 turbulentissima,
573 1690 725 1741 quibus
758 1690 950 1729 homines
980 1691 1241 1742 iniquissimi,
1277 1706 1341 1730 res
1374 1691 1535 1731 divinas
1569 1706 1738 1743 pessum

165 1761 311 1800 dantes
345 1769 384 1799 et
417 1762 635 1803 humanas.
673 1761 893 1800 Societatis
928 1771 1094 1801 nostrae
1138 1763 1329 1801 alumnos
1369 1762 1489 1801 italos
1523 1763 1574 1801 ad
1609 1777 1738 1801 unum

167 1846 312 1870 omnes
345 1846 367 1870 e
401 1832 555 1870 nostris
589 1832 785 1870 domibus
818 1833 1102 1871 exturbarunt.
1138 1834 1247 1871 Tum
1291 1833 1486 1872 exstitere
1521 1833 1591 1884 qui
1626 1848 1739 1884 prae-

165 1900 321 1942 clarum
356 1903 563 1949 iuvenem,
600 1903 764 1953 magnis
787 1903 1017 1954 propositis
1050 1904 1260 1954 praemiis,
1286 1905 1337 1942 ab
1361 1904 1505 1942 eadem
1531 1905 1740 1943 Societate

164 1974 405 2012 abstrahere
441 1983 537 2012 sunt
570 1974 721 2012 conati.
747 1975 803 2012 At
836 1988 1069 2025 perperam.
1097 1975 1216 2025 Quae
1249 1974 1358 2013 enim
1393 1989 1485 2013 eum
1521 1983 1653 2013 mater
1685 1976 1738 2014 ad

164 2059 335 2083 omnem
369 2045 568 2095 pietatem
605 2053 645 2084 et
678 2045 909 2083 doctrinam
949 2046 1118 2087 aluerat,
1154 2045 1250 2084 huic
1294 2045 1430 2088 fidem.
1466 2059 1590 2096 quam
1625 2046 1740 2096 polli-

163 2116 270 2155 citus
303 2124 403 2157 erat.
440 2124 645 2167 perpetuo
670 2116 890 2167 praestitit.
918 2117 1063 2168 Itaque
1088 2116 1176 2167 ipsa
1202 2116 1241 2154 in
1276 2118 1377 2155 urbe
1411 2116 1608 2159 Taurino.
1634 2117 1737 2156 Sub-

162 2187 397 2238 alpinorum
432 2186 635 2237 principe,
672 2187 870 2229 constitit,
917 2196 956 2225 et
995 2187 1231 2226 sacerdotio
1265 2201 1445 2238 propere
1488 2201 1534 2226 ac
1573 2188 1737 2226 silentio

165 2258 361 2300 initiatus,
397 2258 538 2308 prouti
574 2259 613 2296 in
652 2258 794 2309 elogio
831 2259 873 2296 P.
910 2258 1119 2297 Francisci
1160 2259 1298 2297 Pellici
1343 2259 1735 2305 demonstravimus,

163 2329 408 2368 nobilissimi
432 2338 472 2368 et
495 2329 727 2368 doctissimi
753 2329 930 2368 Comitis
953 2330 1175 2368 Aemiliani
1198 2330 1418 2381 Avogadri
1444 2330 1732 2376 Della-Motta‚

164 2401 277 2451 apud
315 2414 438 2451 quem
472 2401 705 2439 clanculum
730 2401 968 2447 diverterat,
999 2401 1285 2440 adolescentes
1309 2401 1415 2439 filios
1448 2400 1594 2439 litteris
1627 2400 1737 2439 bien—

164 2471 279 2509 nium
314 2471 504 2510 instituit.
541 2473 666 2510 Anno
701 2483 902 2515 MDCCCL,
939 2472 1171 2510 Lavallium
1211 2472 1251 2509 in
1291 2471 1467 2510 Galliam
1507 2471 1733 2517 contendit,

163 2541 302 2593 ibique
337 2542 572 2581 intermissa
605 2542 846 2593 theologiae
880 2542 1017 2581 studia
1046 2543 1269 2581 revocavit.
1307 2543 1394 2581 Sub
1429 2542 1539 2581 idem
1570 2551 1736 2592 tempus

163 2612 349 2663 elogium
382 2613 631 2664 conscripsit
656 2613 770 2651 Efisii
795 2613 930 2658 Trois,
955 2614 1265 2652 contubernalis
1289 2613 1364 2659 sui,
1400 2613 1568 2652 natione
1599 2613 1733 2657 Sardi,

163 2683 363 2734 angelicis
397 2684 584 2723 moribus
617 2684 909 2730 adolescentis,
945 2685 1016 2735 qui
1050 2694 1276 2735 properato
1305 2700 1327 2723 e
1351 2685 1456 2723 vivis
1489 2693 1733 2723 excesserat.

165 2754 322 2793 Studiis
340 2755 591 2806 theologicis
611 2755 771 2806 positis,
794 2755 926 2794 Laetii
945 2756 1114 2794 tertium
1134 2756 1189 2806 pii
1209 2756 1387 2795 tirocinii
1405 2770 1558 2794 annum
1582 2755 1733 2807 exegit.

257 2826 399 2863 Rebus
433 2825 624 2864 civilibus
658 2826 698 2864 in
733 2826 851 2864 Italia
890 2840 971 2877 qua
1009 2827 1178 2865 demum
1218 2841 1397 2878 cumque
1437 2827 1595 2865 ratione
1627 2840 1736 2865 com-

164 2896 324 2945 positis,
362 2897 541 2934 Romam
576 2898 774 2936 continuo
818 2906 881 2936 est
924 2898 1091 2941 accitus,
1137 2906 1176 2936 et
1221 2907 1418 2949 quattuor
1461 2898 1731 2937 sollemnibus
