1926 3200
656 1014 923 1062 PAVLVS
981 1013 1330 1062 BEORCHIA

327 1405 422 1432 OMO
455 1393 531 1432 fuit
564 1394 707 1439 Utino‚
748 1393 917 1444 ingenio
956 1401 995 1432 et
1038 1393 1239 1431 memoria
1282 1400 1503 1443 promptus
1542 1406 1666 1442 quam
1700 1392 1770 1443 qui

357 1464 552 1511 maxime3
587 1465 736 1503 doctus
769 1473 894 1515 atque
927 1464 1112 1503 eruditus
1146 1478 1271 1515 supra
1304 1463 1440 1502 fidem.
1476 1464 1674 1501 Nostram
1699 1463 1772 1501 So-

210 1535 400 1574 cietatem
433 1545 496 1575 est
529 1536 740 1587 ingressus
783 1549 892 1574 anno
925 1547 1197 1581 MDCCCXVII,
1242 1534 1388 1573 aetatis
1431 1548 1529 1572 suae
1568 1534 1698 1573 altero
1732 1542 1771 1572 et

211 1605 420 1645 vicesimo.
447 1606 628 1645 Pronum
662 1614 724 1644 est
756 1605 971 1651 coniicere,
998 1605 1217 1656 plurimam
1242 1619 1336 1643 eum
1370 1619 1416 1643 ac
1449 1605 1688 1643 diuturnam
1712 1604 1773 1642 lit-

211 1677 320 1721 teris,
355 1676 585 1727 ceterisque
618 1676 859 1727 disciplinis,
894 1686 1115 1727 antequam
1160 1676 1244 1714 suis
1288 1675 1552 1721 valediceret,
1598 1688 1769 1726 operam

212 1747 474 1797 impendisse.
500 1747 663 1786 Etenim
688 1747 735 1785 iis
758 1746 866 1785 curis
888 1761 937 1785 ex
961 1747 1096 1786 officio
1120 1747 1160 1785 in
1184 1755 1398 1797 posterum
1422 1746 1639 1792 distentus,
1665 1760 1771 1797 quae

211 1826 355 1868 suapte
389 1826 533 1856 natura
566 1818 748 1856 animum
782 1832 805 1856 a
837 1817 976 1856 studio
1000 1817 1244 1868 impediunt,
1270 1831 1524 1868 quamquam
1548 1816 1611 1855 vir
1640 1830 1771 1854 navus

209 1896 248 1927 et
282 1888 461 1939 impiger
493 1897 592 1935 erat,
628 1897 690 1927 tot
722 1896 945 1939 tantosque
978 1888 1017 1926 in
1056 1902 1099 1926 re
1142 1888 1350 1931 litteraria,
1397 1887 1604 1933 historica,
1641 1887 1771 1938 philo-

209 1959 380 2009 sophica
417 1968 457 1998 et
494 1959 731 2010 theologica
773 1972 1020 2010 progressus
1058 1959 1169 2009 apud
1207 1972 1283 1997 nos
1326 1959 1487 1997 efficere
1527 1958 1769 2009 neutiquam

208 2039 383 2080 poterat.
420 2031 581 2069 Romae
630 2030 866 2069 tirocinium
915 2029 1081 2080 pietatis
1115 2030 1309 2080 explevit,
1354 2038 1395 2068 et
1437 2030 1594 2068 litteras
1628 2030 1772 2068 docuit

208 2101 377 2146 Urbini;
411 2101 506 2140 dein
542 2101 801 2152 theologiam
846 2100 1036 2147 recoluit,
1075 2100 1225 2151 partim
1270 2101 1431 2139 Romae
1476 2100 1515 2138 in
1548 2101 1769 2139 Athenaeo

207 2172 470 2223 Gregoriano
504 2173 580 2210 sub
616 2172 828 2210 Kolmano
852 2179 892 2210 et
917 2172 1113 2217 Perrono,
1149 2170 1289 2221 magni
1314 2170 1493 2209 nominis
1527 2179 1768 2221 praecepto-

208 2242 336 2288 ribus,
372 2243 523 2293 partim
565 2243 784 2292 Augustae
823 2242 1100 2280 Taurinorum
1134 2241 1298 2292 privato
1337 2241 1489 2280 studio.
1530 2241 1598 2279 Ad
1640 2255 1772 2280 sacer-

206 2312 366 2351 dotium
409 2327 518 2362 anno
557 2324 855 2358 MDCCCXXIX,
896 2321 935 2351 et
973 2311 1248 2363 quadriennio
1290 2320 1407 2362 post,
1448 2312 1499 2350 ad
1538 2312 1767 2351 solemnem

208 2392 404 2434 quattuor
435 2392 629 2422 votorum
662 2383 963 2434 professionem
997 2391 1058 2421 est
1091 2390 1271 2421 evectus.

296 2455 342 2492 In
377 2454 582 2493 Convictu
616 2454 830 2493 Nobilium
879 2453 1104 2492 taurinensi
1138 2453 1374 2503 sumptibus
1408 2453 1602 2492 curandis
1642 2467 1767 2504 quam

206 2525 438 2564 diutissime
470 2525 665 2576 praefuit;
701 2524 1041 2575 quandoquidem
1076 2523 1115 2561 in
1149 2524 1225 2561 hac
1259 2537 1301 2561 re
1325 2524 1430 2562 adeo
1464 2523 1570 2562 inter
1603 2532 1769 2563 nostros

206 2596 442 2642 excellebat,
478 2604 522 2635 ut
554 2610 647 2634 cum
681 2610 730 2634 eo
764 2595 1069 2646 comparandus
1102 2594 1356 2633 inveniretur
1389 2608 1524 2633 nemo.
1560 2595 1766 2645 Quocirca

206 2667 341 2705 adhuc
374 2666 627 2711 adolescenS,
662 2675 884 2717 antequam
919 2667 1080 2704 Romae
1103 2664 1343 2716 theologiae
1366 2679 1536 2715 operam
1560 2666 1690 2711 daret,
1716 2679 1767 2704 eo

208 2737 247 2775 in
279 2736 472 2775 convictu
505 2736 600 2775 huic
633 2736 792 2774 muneri
830 2736 1036 2786 explendo
1084 2744 1145 2774 est
1193 2735 1470 2786 praepositus.
1517 2736 1632 2774 Haec
1680 2735 1768 2774 eius

208 2807 362 2858 ingenii
395 2807 566 2846 facultas
589 2821 736 2845 causae
768 2806 855 2851 fuit,
891 2807 930 2844 ni
954 2806 1083 2851 fallor,
1108 2820 1180 2844 cur
1213 2805 1351 2856 potius
1385 2806 1529 2844 aerarii
1563 2805 1765 2851 custodia,

207 2891 331 2928 quam
365 2877 539 2916 docendi
574 2891 723 2915 munus
755 2891 777 2915 a
811 2876 962 2915 nostris
987 2876 1320 2915 moderatoribus
1350 2876 1385 2914 ei
1410 2876 1765 2915 transcriberetur.
