1926 3200
834 793 837 796 ·
882 781 1000 818 XIX.

429 996 724 1046 lOANNES
782 995 1129 1044 BAPTISTA
1187 993 1443 1042 BARONl

168 1381 376 1487 DIANI
410 1377 462 1416 ad
495 1390 611 1415 oram
644 1376 820 1427 ligurem
855 1375 989 1413 natale
1022 1374 1158 1413 solum
1190 1382 1253 1412 est
1276 1380 1432 1417 nactus,
1467 1386 1577 1411 anno
1610 1386 1723 1423 repa-

307 1456 418 1487 ratae
451 1446 595 1486 salutis
628 1457 900 1486 MDCCCXVII.
945 1445 1204 1484 Adolescens
1249 1443 1453 1489 Oneliam,
1489 1442 1722 1494 proximam

162 1521 202 1558 in
235 1519 392 1565 urbem,
428 1518 615 1570 quotidie
639 1518 766 1568 pedes
789 1531 832 1556 se
855 1517 1105 1563 conferebat,
1131 1524 1176 1555 ut
1198 1515 1362 1554 sodales
1386 1513 1724 1554 Calasanctianos

164 1597 454 1641 praeceptores
502 1588 675 1627 audiret.
724 1588 791 1626 Ab
834 1587 897 1626 his
931 1587 1070 1638 itaque
1103 1586 1155 1625 ad
1187 1599 1354 1625 omnem
1387 1585 1618 1624 litterarum
1651 1584 1724 1622 hu-

163 1660 403 1698 manitatem
435 1666 499 1697 est
529 1659 716 1697 eductus.
752 1658 1012 1709 Ingeniosus,
1048 1657 1229 1703 sedulus,
1260 1656 1366 1707 pius,
1400 1655 1634 1707 aequalium
1658 1654 1725 1693 ad-

164 1731 426 1769 mirationem
459 1728 665 1775 excitavit‚
700 1742 928 1779 eorumque
951 1736 991 1767 et
1013 1736 1331 1779 praeceptorum
1364 1727 1623 1765 voluntatem
1647 1725 1724 1764 sibi

164 1801 329 1852 penitus
362 1800 562 1839 adiunxit.
597 1800 799 1838 Iuvenum
832 1799 1073 1837 societatem
1101 1798 1270 1844 vitabat,
1295 1797 1562 1836 solitudinem
1595 1796 1636 1834 in
1659 1796 1725 1834 de-

164 1872 266 1911 liciis
299 1872 490 1917 habebat,
525 1879 569 1910 ut
602 1883 902 1921 saepenumero
935 1870 987 1908 ad
1020 1868 1145 1908 maris
1167 1869 1264 1908 litus
1297 1868 1403 1907 inter
1435 1867 1630 1918 scopulos
1654 1866 1725 1905 im-

165 1943 396 1994 pendentes
429 1956 519 1981 sese
551 1941 740 1988 abderet,
776 1940 916 1991 ibique
947 1939 1115 1978 lectioni
1149 1953 1319 1990 operam
1352 1939 1480 1977 daret.
1515 1939 1554 1976 A
1586 1937 1719 1988 prima

163 2022 297 2053 aetate
330 2027 374 2052 se
406 2021 542 2052 totum
574 2011 739 2063 Virgini
780 2010 986 2061 Deiparae
1024 2010 1204 2049 devovit.
1240 2010 1421 2048 Suasore
1460 2008 1601 2047 sodale
1634 2008 1718 2046 Do-

168 2084 402 2130 miniciano‚
428 2097 553 2134 quem
587 2070 639 2121 de
663 2081 858 2133 religiosa
881 2081 965 2120 vita
988 2080 1243 2131 capessenda
1275 2080 1551 2126 consuluerat,
1587 2077 1723 2117 Socie-

166 2164 293 2196 tatem
328 2156 421 2194 Iesu
453 2153 600 2193 ceteris
644 2152 873 2192 Ordinibus
907 2151 1110 2203 religiosis
1140 2150 1420 2202 praeoptavit3
1455 2163 1631 2200 eamque
1663 2156 1726 2188 est

167 2227 379 2278 ingressus
414 2225 553 2265 Cherii
587 2225 627 2262 in
661 2223 900 2274 Subalpinis
933 2222 1230 2274 septemdecim
1263 2235 1394 2260 annos
1427 2228 1560 2259 natus.

256 2297 434 2348 Expleto
452 2295 665 2347 religionis
684 2294 887 2341 tirocinio,
908 2294 948 2332 Is
951 2307 1057 2332 liam
1082 2292 1395 2339 Carminatium,
1421 2291 1631 2330 r·het01em
1650 2291 1728 2329 cla

170 2369 390 2414 rissimum,
426 2367 673 2417 magistrum
707 2366 732 2403 h
736 2364 869 2411 abuit;
904 2364 1020 2403 cuius
1043 2365 1184 2410 ductu,
1218 2378 1268 2402 eo
1301 2371 1363 2402 est
1396 2375 1656 2413 progressus
1682 2369 1727 2399 ut

165 2438 462 2489 condiscipulis
494 2438 620 2488 longe
654 2435 933 2475 anteverterit.
968 2434 1156 2474 Subinde
1193 2435 1412 2485 Augustae
1446 2431 1726 2471 Taurinorum

168 2508 458 2561 philosophiae
480 2507 695 2558 egregiam
719 2520 890 2557 operam
908 2505 1087 2544 navavit.
1110 2505 1218 2543 Hinc
1237 2504 1415 2543 Calarim
1434 2503 1474 2541 in
1494 2502 1728 2542 Sardiniam

168 2590 231 2619 est
264 2580 486 2631 profectus.
527 2592 613 2617 rem
647 2577 961 2628 grammaticam
994 2576 1205 2615 docturus.
1242 2576 1335 2614 Hoc
1369 2588 1518 2612 munus
1551 2573 1730 2612 triennio

170 2650 290 2692 obiit:
340 2663 424 2701 quo
472 2649 595 2688 etiam
644 2657 832 2698 tempore
880 2647 1030 2685 latinos
1077 2646 1300 2697 scriptores
1349 2658 1494 2683 omnes
1537 2643 1728 2695 perlegit.

170 2721 330 2760 Exinde
377 2735 399 2759 a
447 2720 530 2759 suis
580 2718 911 2758 moderatoribus
965 2726 1027 2756 est
1078 2725 1314 2758 revocatus,
1369 2730 1492 2755 causa
1551 2715 1731 2765 interpo-

170 2793 260 2837 sita,
295 2791 414 2830 binos
447 2805 497 2829 eo
531 2790 570 2828 in
604 2789 782 2839 collegio
827 2789 1012 2827 rhetores
1047 2788 1229 2839 reperiri.
1275 2801 1453 2838 quorum
1498 2786 1599 2825 alter
1647 2799 1730 2823 non

170 2862 430 2904 rhetoricam.
481 2861 538 2900 uti
588 2874 661 2911 par
709 2868 828 2905 esset,
879 2859 951 2897 sed
1000 2859 1314 2909 grammaticam
1362 2858 1543 2896 doceret.
1586 2857 1730 2907 Itaque
