1926 3200
925 815 1103 853 XXVII.

678 1029 1015 1080 SECVNDVS
1075 1032 1242 1080 FRAN
1260 1032 1336 1080 CO

350 1385 393 1413 1C
426 1373 502 1413 fuit
536 1374 818 1421 Taurinensis,
854 1384 895 1413 et
929 1375 968 1413 in
1002 1376 1136 1414 lucem
1169 1375 1304 1414 editus
1338 1390 1447 1415 anno
1481 1385 1694 1426 reparatae
1727 1391 1787 1415 sa-

378 1444 476 1483 lutis
510 1456 782 1483 MDCCCXVH.
819 1446 970 1484 Utrum
1005 1446 1139 1497 magis
1173 1446 1340 1497 pietate,
1375 1461 1426 1484 an
1449 1447 1638 1485 doctrina
1670 1461 1786 1498 prae-

219 1513 382 1559 stiterit,
416 1521 479 1551 est
512 1513 552 1551 in
586 1513 768 1564 ancipiti.
806 1515 967 1553 Doctus
1000 1514 1109 1553 enim
1143 1529 1189 1554 ac
1232 1514 1326 1566 pius
1360 1515 1435 1554 fuit
1459 1515 1497 1553 in
1531 1516 1783 1566 exemplum.

219 1584 413 1634 Aequum
447 1592 509 1622 est
545 1583 674 1635 igitur
706 1584 983 1635 copiosiorem
1008 1585 1060 1624 de
1092 1585 1181 1624 eius
1204 1585 1290 1625 vita
1312 1585 1659 1625 commentarium
1689 1600 1785 1625 con-

219 1653 410 1692 scribere.
431 1653 771 1692 Sollertissimam
790 1655 937 1694 litteris
956 1655 995 1693 in
1015 1656 1150 1706 patrio
1168 1656 1360 1707 collegio,
1381 1656 1446 1695 cui
1465 1670 1617 1695 nomen
1641 1671 1663 1695 a
1687 1657 1785 1696 Car-

218 1725 338 1771 melo,
375 1738 546 1775 operam
570 1725 698 1771 dedit,
723 1734 765 1764 et
787 1725 1025 1776 quindecim
1048 1741 1179 1765 annos
1203 1727 1339 1766 minor
1368 1735 1500 1773 natus,
1528 1727 1567 1765 in
1593 1736 1783 1766 nostram

218 1795 481 1839 Societatem,
527 1809 609 1834 una
646 1809 739 1834 cum
780 1797 961 1847 Iosepho
1001 1798 1170 1847 Bayma,
1209 1797 1462 1836 consobrino
1501 1806 1542 1836 et
1579 1797 1783 1836 condisci-

214 1866 326 1917 pulo,
353 1866 512 1917 ingenti
546 1865 703 1916 gaudio
737 1875 799 1905 est
833 1866 1047 1916 ingressus
1081 1867 1234 1911 Cherii‚
1270 1868 1461 1918 proxima
1495 1867 1535 1906 in
1569 1869 1671 1906 urbe
1696 1871 1774 1919 (1).

218 1938 374 1988 Magna
397 1951 496 1976 sane
520 1938 572 1976 ad
597 1947 781 1977 nostram
806 1938 1076 1989 provinciam,
1118 1953 1224 1990 quae
1263 1939 1406 1990 paucis
1443 1948 1538 1979 ante
1568 1940 1782 1979 mensibus

214 2022 236 2046 a
269 2007 483 2058 provincia
516 2022 687 2046 romana
720 2009 905 2048 seiuncta
938 2009 1082 2055 suerat,
1127 2010 1277 2048 horum
1320 2010 1499 2048 duorum
1544 2010 1781 2049 adolescen-

213 2079 316 2117 tium
350 2079 631 2130 cooptatione,
666 2080 815 2118 eodem
849 2080 1051 2130 temporis
1085 2088 1312 2126 momento,
1347 2080 1529 2119 accessio
1563 2089 1626 2119 est
1658 2081 1779 2120 facta.

215 2150 407 2199 Quorum
456 2150 692 2200 exemplum
737 2150 904 2196 imitati,
950 2150 1059 2188 idem
1104 2159 1250 2201 postea
1297 2151 1476 2201 amplexi
1525 2159 1622 2190 sunt
1669 2151 1781 2190 vitae

216 2219 451 2258 institutum
487 2220 664 2258 Michael
704 2229 744 2259 et
789 2221 966 2259 loannes
1002 2221 1219 2271 Iosephus‚
1259 2220 1405 2259 fratres
1449 2221 1644 2267 Secundi,
1680 2230 1779 2261 natu

215 2289 409 2334 minores.
445 2290 557 2329 docti
591 2291 728 2337 ambo,
763 2300 802 2330 et
836 2291 1025 2342 plurimis
1059 2292 1330 2342 postmodum
1369 2292 1481 2342 apud
1520 2301 1686 2331 nostros
1719 2306 1783 2331 so-

215 2360 341 2406 dales,
376 2361 428 2399 ad
464 2361 541 2399 Dei
574 2362 740 2400 laudem
774 2371 814 2401 et
847 2362 1077 2401 litterarum
1112 2363 1424 2404 incrementum,
1461 2362 1702 2401 muneribus
1735 2377 1783 2401 ac

215 2430 429 2469 laboribus
463 2431 682 2482 perfuncti.

304 2501 450 2551 Itaque
483 2502 713 2548 Secundus,
749 2503 919 2541 vixdum
947 2503 1052 2541 inter
1079 2502 1235 2541 tirones
1259 2502 1413 2541 versari
1437 2503 1588 2554 coepit,
1613 2503 1782 2554 pietate,

215 2571 397 2621 ingenio,
424 2573 645 2622 prudentia
677 2573 784 2612 adeo
818 2573 968 2618 floruit,
996 2582 1039 2612 ut
1062 2574 1256 2624 aequales
1280 2588 1374 2612 cum
1399 2588 1544 2613 omnes
1577 2575 1629 2613 ad
1653 2588 1783 2613 unum

210 2642 483 2692 suspicerent,
518 2644 696 2682 maiores
720 2658 820 2682 vero
843 2644 1020 2694 grandia
1043 2645 1173 2683 multa
1195 2645 1247 2683 de
1270 2645 1533 2684 adolescente
1563 2644 1640 2683 sibi
1665 2645 1782 2696 polli-

214 2721 418 2751 cerentur.
444 2713 613 2763 Quippe
637 2713 737 2751 nihil
763 2714 802 2752 in
827 2728 876 2752 eo
901 2723 1000 2756 crat,
1027 2715 1140 2765 quod
1165 2714 1523 2767 magnuinvirum
1555 2728 1638 2753 non
1662 2728 1787 2766 spon-

215 2782 345 2821 deret.
382 2784 419 2821 A
454 2783 680 2822 Laurentio
714 2784 858 2823 Rizzio
903 2784 1083 2823 utinensi
1126 2785 1177 2823 ad
1221 2784 1466 2835 religionem
1511 2785 1783 2837 omnigenam

214 2852 426 2891 biennium
453 2862 514 2892 est
538 2854 726 2901 eductus,
747 2863 787 2893 et
810 2856 861 2892 ab
882 2856 987 2893 Isa'ia
1006 2855 1261 2893 Carminatio
1280 2856 1524 2906 bergomate
1543 2856 1595 2894 ad
1614 2869 1783 2894 omnem

1678 2967 1706 2990 ΣΞ·
