1926 3200
704 764 1101 833 NOTAE

186 1086 231 1123 (1)
257 1085 347 1114 Sunt
369 1082 430 1121 qui
455 1082 665 1120 scripserint,
703 1082 902 1118 Baronium,
929 1084 1058 1111 Romae
1082 1091 1174 1111 anno
1198 1087 1466 1113 MDCCCXLUH.
1491 1089 1511 1109 a
1535 1081 1681 1109 Summo

124 1138 291 1169 Pontifice
315 1136 509 1167 sacerdotio
533 1135 736 1173 insignitum
761 1145 847 1171 esse,
872 1136 967 1173 quod
992 1136 1047 1165 vix
1070 1134 1269 1165 credideris.

185 1203 230 1240 (2)
256 1201 401 1232 Initium
419 1200 525 1230 huius
541 1200 802 1238 epigrammatis
817 1200 850 1229 in
864 1199 1150 1238 ephemeridibus
1165 1198 1403 1236 genuensibus
1418 1199 1469 1227 La
1487 1198 1682 1227 „Sellimaua

128 1255 313 1293 Relzgriosa
337 1255 479 1284 effertur
501 1254 564 1283 hoc
589 1252 709 1283 modo:
740 1268 749 1278 ι
770 1253 932 1291 Corporis
954 1258 987 1282 et
1009 1251 1132 1290 capitis
1154 1257 1217 1281 etc.
1237 1265 1266 1281 ³.
1291 1252 1335 1281 At
1359 1251 1456 1280 falso.

186 1320 230 1358 (3)
257 1321 335 1349 Hoc
359 1318 513 1356 elogium
537 1322 732 1347 asservatur
755 1317 789 1346 in
812 1317 984 1346 tabulario
1007 1316 1204 1355 provinciae
1227 1315 1448 1345 taurinensis.

184 1386 229 1423 (4)
255 1386 354 1423 Quae
371 1383 490 1413 omnia
507 1382 551 1413 de
570 1383 717 1412 Baronio
734 1382 1013 1420 conscripsimus,
1028 1392 1048 1411 a
1059 1381 1231 1411 tabulario
1248 1380 1445 1419 provinciae
1461 1379 1682 1411 taurinensis.

128 1438 172 1468 ab
195 1437 485 1476 ephemeridibus
507 1436 745 1474 genuensibus
761 1437 812 1465 La
830 1437 1025 1466 Sellimczna
1043 1435 1225 1472 Religiosa
1243 1435 1300 1473 (N.
1326 1442 1376 1471 27,
1401 1442 1493 1463 anno
1520 1433 1622 1470 1885),
1641 1433 1685 1462 ab

128 1491 243 1530 opella
267 1493 302 1520 P.
329 1490 421 1520 Petri
446 1489 602 1526 Galletti,
627 1490 681 1519 cui
715 1490 855 1519 titulus:
889 1489 1065 1519 Memoria>
1096 1489 1260 1519 Storiclze
1283 1488 1427 1517 inlorno
1451 1489 1488 1517 al
1510 1488 1546 1517 P.
1573 1487 1687 1523 Luigi

130 1545 298 1577 Ricasoli,
325 1554 343 1573 e
366 1545 440 1573 alla
479 1544 697 1581 Compagm'a
731 1544 769 1572 di
804 1544 896 1573 (fessi
934 1544 969 1572 l'7l
1007 1543 1187 1576 Toscana,-
1210 1546 1244 1571 et
1265 1551 1285 1571 a
1308 1541 1450 1579 privatis
1474 1540 1606 1570 notitiis
1627 1540 1685 1570 de-

125 1597 375 1636 prompsimus.
403 1598 539 1626 Horum
563 1596 667 1626 etiam
691 1596 923 1634 complurium
948 1606 1011 1626 nos
1035 1595 1099 1634 ipsi
1123 1599 1228 1625 testes
1251 1595 1393 1624 fuimns.

191 1663 235 1700 (5)
262 1662 329 1691 Hic
355 1661 481 1691 titulus
503 1661 679 1691 confectus
702 1666 753 1691 est
776 1671 796 1691 a
820 1663 854 1691 P.
881 1661 1010 1691 Aloisio
1035 1660 1220 1698 Persoglio,
1253 1660 1326 1698 qui,
1353 1661 1477 1689 Genua
1500 1658 1685 1697 profectus,

130 1715 283 1745 Dianum
324 1714 540 1744 maritimum
573 1714 678 1750 venit,
715 1719 752 1744 ut
786 1715 932 1744 Baronio
955 1714 1107 1744 animam
1131 1713 1246 1751 agenti
1271 1721 1433 1751 praesens
1455 1711 1602 1741 adesset.
1628 1712 1684 1740 At-

127 1772 246 1798 tamen
271 1770 402 1803 Petrus‚
430 1767 569 1797 Baronii
594 1768 708 1804 frater,
733 1768 823 1797 tituli
849 1769 955 1798 verba
977 1767 1145 1805 aptiorem
1170 1767 1205 1796 in
1234 1766 1393 1796 ordinem
1417 1765 1560 1802 redegit.
1587 1764 1683 1794 Idem

127 1821 300 1859 Persoglio
335 1821 517 1859 pulchrum
553 1820 696 1850 omnino
731 1820 867 1850 Baronii
891 1820 1043 1857 elogium
1069 1820 1103 1849 in
1126 1818 1411 1858 ephemeridibus
1433 1817 1682 1855 genuensibus,

124 1883 213 1911 quas
234 1883 341 1912 supra
364 1873 645 1910 memoravimus,
669 1873 845 1903 edendum
869 1873 1012 1902 curavit.

769 2328 1038 2464 affigas
