1926 3200
851 181 1081 228 —78-

180 286 279 336 ‘Qua
312 285 352 323 in
387 299 429 323 re
473 285 552 323 hoc
594 284 672 323 fuit
714 284 913 323 mirabile.
960 284 1066 323 Cum
1099 297 1173 334 per
1206 283 1442 322 Sardiniam
1477 283 1553 323 iter
1585 284 1748 331 faceret,

180 365 308 407 atque
340 356 393 395 ad
426 356 580 394 flumen
612 354 861 394 altissimum
885 369 932 394 ac
955 355 1247 406 praerapidum
1276 363 1447 394 ventum
1471 363 1592 402 esset,
1627 355 1750 394 comi-

181 427 306 474 tibus,
340 435 466 478 atque
499 426 606 466 adeo
640 426 740 478 ipsis
773 425 1018 465 ductoribus
1052 440 1151 477 prae
1183 425 1330 465 mortis
1363 425 1512 465 timore
1544 434 1655 465 retro
1688 441 1749 465 ce-

181 497 391 544 dentibus,
426 497 541 548 prior
565 497 644 543 ille,
669 496 902 536 incredibili
925 496 1091 543 virtute,
1117 510 1226 547 equo
1248 496 1388 543 citato,
1425 510 1627 548 aquarum
1650 497 1747 543 vim,

180 569 234 607 ad
267 568 363 620 equi
396 568 578 607 cervices
611 567 923 619 pertinentium,
963 576 1168 618 perpetuo
1210 576 1362 606 conatu
1395 567 1620 618 superavit.
1655 568 1749 618 Qua

181 654 224 679 re
257 640 357 687 visa,
391 639 517 679 ceteri
551 653 709 686 omnes,
735 639 870 690 magis
902 639 1064 690 pudore
1097 653 1222 690 quam
1251 638 1404 678 virtute
1426 638 1606 686 adducti,
1631 639 1749 690 aquis

180 711 374 759 traiectis,
409 725 504 750 eum
538 719 634 750 sunt
672 710 895 757 subsecuti,
930 719 1055 762 atque
1088 711 1141 750 ad
1183 724 1310 749 unum
1345 710 1477 761 ripam
1510 710 1746 761 oppositam

180 784 410 822 incolumes
444 791 679 822 tenuerunt.

269 854 397 905 Quod
430 853 618 905 sequitur
651 853 852 892 memoria
884 852 1054 904 dignius
1087 852 1292 892 existimo.
1329 853 1564 904 Quendam,
1601 852 1640 891 in
1679 853 1748 892 Sa-

181 933 395 964 cramento
420 924 707 964 Poenitentiae
730 924 903 963 crimina
931 924 1141 970 fatentem,
1166 923 1417 963 Torniellius
1441 923 1481 962 in
1514 923 1749 974 praesentia

178 1011 201 1035 a
219 996 352 1047 culpis
376 996 678 1035 absolvendum
702 995 873 1034 minime
896 995 1068 1034 censuit.
1092 996 1150 1034 At
1173 995 1252 1042 ille,
1277 995 1459 1046 percitus
1483 994 1553 1041 ira,
1578 995 1744 1042 ferrum,

179 1068 294 1119 quod
318 1076 434 1107 veste
458 1068 639 1119 tegebat,
664 1067 851 1118 protulit,
893 1081 1220 1118 mucronemque
1253 1066 1341 1105 eius
1364 1066 1522 1118 pectori
1546 1066 1745 1106 admovit.

180 1139 264 1190 Qui
287 1139 389 1178 nihil
407 1139 635 1178 admodum
660 1138 894 1185 exterritus,
920 1139 1013 1177 Iesu
1036 1138 1146 1177 cruci
1169 1138 1343 1189 appensi
1363 1138 1601 1189 imaginem,
1621 1152 1746 1189 quam

178 1225 256 1262 pro
279 1219 448 1262 pectore
472 1210 576 1249 infra
598 1219 759 1249 vestem
783 1210 968 1261 gerebat,
993 1210 1203 1260 extemplo
1227 1210 1448 1261 detegens;
1484 1224 1506 1247 «
1533 1209 1744 1260 Agedum,

179 1281 326 1332 inquit,
361 1281 495 1327 ferias,
532 1281 669 1327 sodes,
706 1280 785 1319 Dei
818 1280 1066 1319 ministrum.
1101 1281 1159 1319 At
1201 1280 1310 1319 enim
1354 1288 1474 1319 antea
1507 1279 1596 1331 ipse
1630 1281 1745 1318 Deus

177 1353 257 1392 hoc
289 1353 398 1391 ferro
431 1352 505 1391 tibi
539 1360 601 1391 est
634 1352 840 1403 petendus
862 1365 917 1391 ».
954 1351 1032 1390 His
1065 1351 1216 1397 verbis,
1252 1351 1379 1390 homo
1412 1351 1742 1397 scelestissimus,

179 1432 225 1462 ut
257 1423 290 1462 si
339 1423 494 1462 fulmen
545 1422 585 1461 in
634 1423 764 1462 oculis
811 1423 994 1469 haberet,
1044 1422 1152 1461 ferro
1186 1422 1340 1469 relicto,
1380 1436 1511 1473 paene
1544 1421 1744 1460 exanimis

177 1494 372 1534 concidit.

268 1566 536 1617 Quamquam
571 1564 824 1603 Torniellius
873 1572 935 1603 tot
983 1564 1226 1603 mortalibus
1275 1563 1395 1603 saluti
1438 1573 1537 1611 erat,
1573 1578 1655 1603 non
1689 1563 1745 1603 ita

176 1644 317 1675 tamen
350 1650 449 1675 suae
472 1635 615 1674 virtuti
640 1635 804 1679 fidebat,
831 1634 931 1686 quin
955 1649 1029 1673 sua
1051 1649 1145 1674 eum
1170 1635 1281 1674 salus
1314 1634 1535 1674 sollicitum
1560 1635 1743 1673 haberet.

178 1707 348 1758 Quippe
384 1706 462 1745 Dei
496 1705 649 1745 iudicia
682 1705 990 1752 extimescebat,
1025 1705 1142 1744 cuius
1175 1720 1328 1751 amore,
1369 1720 1421 1744 an
1459 1705 1570 1753 odio,
1606 1714 1743 1745 utrum

176 1778 332 1829 dignus
366 1777 549 1823 exsistat,
575 1791 698 1816 nemo
722 1777 939 1816 hominum
972 1791 1049 1828 pro
1073 1785 1186 1816 certo
1220 1777 1348 1816 novit.
1381 1778 1497 1816 Haec
1530 1778 1742 1829 quondam

177 1849 218 1887 in
252 1863 370 1887 sacro
405 1862 569 1887 recessu
603 1862 732 1899 quum
767 1862 907 1887 secum
931 1848 1070 1887 animo
1104 1856 1326 1899 reputaret,
1358 1857 1398 1887 et
1421 1848 1618 1899 suiipsius
1651 1863 1744 1888 con-

176 1919 392 1959 scientiam
412 1919 657 1970 diligentius
675 1927 897 1965 excuteret,
918 1919 1124 1970 simulque
1149 1919 1379 1958 Inferorum
1398 1927 1616 1966 tormenta,
1637 1933 1743 1970 quae

176 2004 389 2041 nunquam
424 1990 547 2029 finem
581 1990 664 2029 sint
697 1990 900 2037 habitura,
935 1990 1023 2029 eius
1068 1990 1293 2029 memoriae
1331 1990 1512 2029 vividius
1552 1991 1743 2029 Obversa-

177 2070 331 2107 rentur,
367 2070 505 2100 tantus
529 2076 623 2100 eum
654 2061 779 2101 timor
802 2061 980 2105 incessit,
1007 2070 1062 2105 ut,
1088 2076 1220 2112 paene
1243 2061 1472 2112 desperatis
1496 2062 1631 2107 rebus,
1658 2076 1741 2112 quo

176 2133 349 2171 demum
383 2147 427 2171 se
460 2141 651 2178 verteret,
687 2146 770 2171 non
805 2132 903 2171 satis
937 2132 1071 2171 sciret.
1107 2133 1216 2171 Tum
1250 2141 1402 2179 autem,
1427 2132 1571 2171 divino
1605 2141 1742 2171 motus

177 2204 371 2254 impulsu,
407 2218 428 2242 e
461 2204 574 2250 cella,
611 2218 735 2255 quam
770 2212 857 2242 tum
883 2203 1083 2254 temporis
1107 2204 1268 2242 Romae
1298 2203 1338 2241 in
1371 2203 1549 2255 collegio
1583 2204 1742 2254 Grego-

176 2274 293 2313 riano
342 2274 560 2320 incolebat,
611 2283 673 2313 est
721 2288 929 2325 egressus,
980 2283 1024 2313 ut
1073 2275 1112 2313 in
1162 2274 1354 2325 proximo
1387 2274 1539 2313 sacello
1571 2288 1615 2312 se
1647 2283 1742 2313 ante

177 2344 372 2384 Hostiam
392 2345 720 2384 Eucharisticam
744 2345 951 2391 abiiceret,
983 2354 1024 2384 et
1056 2345 1240 2384 divinam
1264 2345 1461 2396 pietatem
1486 2344 1738 2396 imploraret.

176 2415 555 2466 Praetergredienti
589 2415 748 2467 effigies
783 2417 877 2455 Iesu
910 2416 1020 2455 cruci
1053 2416 1174 2463 affixi,
1207 2430 1312 2467 quae
1346 2430 1367 2454 e
1399 2415 1627 2466 parietibus
1660 2430 1741 2454 am-

176 2486 332 2525 bulacri
382 2487 668 2538 dependebat:
704 2502 725 2525 «
765 2488 876 2534 Pax,
928 2487 1090 2538 inquit,
1140 2487 1214 2526 tibi
1243 2502 1300 2526 ».
1352 2487 1515 2538 Quibus
1563 2486 1740 2532 auditis,

175 2557 394 2596 confestim
444 2558 483 2595 in
532 2558 721 2596 lacrimas
764 2567 937 2609 propter
979 2559 1179 2609 gaudium
1228 2558 1385 2609 erupit,
1436 2572 1563 2608 seque
1606 2566 1739 2596 totum

175 2629 227 2666 ad
262 2628 463 2667 infinitam
500 2630 592 2667 Iesu
627 2629 782 2668 Christi
817 2629 1045 2668 bonitatem
1088 2629 1256 2680 recepit.
1294 2629 1374 2668 Hic
1417 2628 1554 2675 etiam,
1590 2643 1667 2680 pro
1700 2643 1742 2667 re

175 2708 282 2745 nata,
318 2699 418 2738 libet
452 2700 615 2745 referre,
667 2701 781 2750 quod
831 2700 930 2739 certi
969 2709 1160 2739 auctores
1194 2699 1418 2738 memoriae
1451 2699 1738 2750 prodiderunt:

175 2770 404 2809 Torniellio
437 2770 631 2809 videlicet
654 2770 694 2808 in
718 2771 844 2809 domo
867 2771 1106 2810 Antoniana
1128 2770 1330 2809 cheriensi
1354 2770 1452 2809 olim
1482 2770 1735 2816 consistenti,

177 2840 402 2891 imaginem
438 2841 618 2892 Magnae
653 2841 731 2880 Dei
766 2841 924 2887 Matris,
960 2855 1079 2880 muro
1113 2842 1257 2886 scalae,
1283 2855 1389 2892 quae
1421 2841 1473 2879 ad
1507 2841 1650 2892 templi
1673 2855 1737 2880 co-
