1926 3200
924 779 1037 816 XIV.

660 994 1000 1044 lOSEPHVs
1057 995 1312 1043 fflORDA

201 1389 472 1495 TAMETSI
497 1385 562 1424 hic
585 1394 698 1424 totus
722 1385 797 1424 fuit
820 1385 860 1423 in
879 1384 1062 1436 egregiis
1080 1385 1334 1423 facinoribus
1358 1385 1629 1428 occultandis,
1655 1400 1761 1436 quae

332 1456 522 1507 religioni
546 1464 587 1495 et
609 1455 854 1494 humanitati
883 1455 1176 1506 provehendae
1206 1455 1384 1506 plurima
1407 1455 1598 1506 patravit,
1623 1464 1760 1495 tamen

201 1529 361 1567 efficere
394 1542 477 1566 non
511 1527 659 1578 potuit,
694 1527 794 1578 quin
828 1527 958 1565 multa
1002 1527 1040 1565 in
1084 1527 1301 1565 hominum
1337 1527 1527 1566 notitiam
1561 1527 1760 1566 venirent.

202 1599 347 1649 Itaque
380 1598 534 1648 duplici
568 1597 735 1636 nomine
768 1597 856 1636 eius
879 1597 1063 1648 elogium
1087 1597 1407 1644 conscribimus;
1442 1598 1556 1649 quod
1587 1599 1761 1636 celeber—

202 1669 330 1708 rimus
363 1668 532 1715 exstitit,
567 1676 608 1707 et
640 1668 866 1707 celebritati
900 1683 1113 1720 nunquam
1147 1669 1319 1708 studuit.

292 1741 425 1778 Natus
458 1747 520 1778 est
563 1739 873 1778 Cumbevianae
921 1740 961 1778 in
1010 1739 1224 1790 provincia
1272 1739 1533 1781 Taurinensi.
1584 1754 1693 1778 anno
1740 1756 1761 1778 a

202 1810 357 1849 Christi
381 1810 596 1849 nativitate
615 1822 907 1855 MDCCCXXIII,
928 1819 968 1849 et
992 1810 1031 1848 in
1056 1819 1239 1849 nostram
1264 1811 1515 1849 Societatem
1541 1810 1761 1862 inscriptus

202 1881 354 1927 Cheru,
390 1881 535 1920 aetatis
568 1895 667 1919 suae
699 1895 808 1919 anno
842 1881 971 1920 altero
1004 1889 1043 1919 et
1081 1881 1280 1920 vicesimo
1304 1883 1381 1932 (Ι).
1418 1881 1588 1920 Pietatis
1622 1882 1762 1920 funda-

200 1960 339 1990 menta
373 1951 466 1990 iecit
499 1951 755 2003 praevalida3
790 1959 830 1990 et
863 1951 943 1990 iam
978 1951 1073 1990 inde
1106 1966 1128 1990 a
1161 1951 1305 2002 primis
1338 1951 1637 2002 speciminibus
1677 1953 1762 2002 plu-

200 2023 303 2061 rima
335 2023 536 2062 virtutum
570 2024 822 2062 documenta
855 2023 939 2062 suis
973 2024 1338 2062 contubernalibus
1370 2023 1568 2062 exhibuit.
1595 2024 1689 2062 Hoc
1711 2031 1762 2062 de

200 2093 359 2132 Giorda
391 2094 527 2133 adhuc
559 2093 693 2133 tirone
716 2094 889 2132 relatum
913 2093 1066 2145 accepi.
1092 2094 1359 2144 Quamquam
1389 2094 1556 2145 linguae
1589 2094 1761 2143 gallicae

199 2165 499 2204 scientissimus
533 2174 631 2211 erat,
667 2165 772 2203 hanc
805 2174 943 2203 tamen
977 2165 1032 2204 ita
1070 2178 1209 2203 coram
1253 2164 1400 2203 ceteris
1433 2165 1637 2203 tironibus
1671 2179 1762 2207 pro-

201 2235 434 2281 nunciabat,
471 2244 516 2274 ut
548 2235 581 2274 si
616 2235 725 2274 illam
760 2235 827 2273 vix
859 2249 882 2273 a
914 2235 1050 2286 primo
1098 2234 1239 2273 limine
1282 2235 1558 2274 salutavisset.
1595 2236 1658 2274 Eo
1691 2236 1760 2286 qui

200 2314 368 2345 secutus
401 2314 463 2345 est
486 2320 608 2352 anno,
634 2306 864 2344 Taurinum
887 2314 950 2344 est
973 2305 1135 2349 missus,
1168 2314 1211 2344 ut
1236 2305 1276 2343 in
1300 2305 1490 2357 Collegio
1514 2306 1760 2345 Sanctorum

201 2378 433 2427 Martyrum
472 2377 783 2428 philosophiam
827 2391 874 2415 ac
907 2377 1163 2427 theologiam
1213 2377 1430 2423 recoleret;
1480 2377 1646 2422 etenim,
1696 2392 1762 2415 an-

200 2457 369 2498 tequam
404 2448 657 2487 Societatem
691 2455 874 2486 nostram
910 2447 1210 2498 ingrederetur,
1236 2447 1299 2485 his
1332 2447 1559 2499 disciplinis
1593 2462 1761 2498 operam

201 2519 281 2557 iam
314 2518 498 2557 dederat.
534 2518 720 2557 Subinde
753 2518 987 2557 sacerdotio
1022 2517 1257 2568 insignitus,
1295 2518 1418 2556 Iriam
1452 2518 1678 2561 contendit,
1723 2528 1761 2557 et

202 2589 243 2627 in
267 2590 518 2627 Nostrorum
543 2589 721 2640 collegio
745 2588 937 2637 logicam,
964 2587 1291 2638 metaphysicam
1316 2597 1356 2627 et
1378 2588 1555 2627 ethicam
1580 2589 1759 2628 tradidit.

204 2659 295 2698 Pari
328 2668 518 2710 tempore
541 2659 724 2711 aegrotis
748 2659 1038 2698 valetudinarii
1062 2659 1221 2702 urbani,
1247 2667 1287 2698 et
1319 2659 1551 2698 carceribus
1584 2660 1762 2699 detentis

200 2729 427 2768 invisendis
461 2731 652 2769 addictus
685 2739 759 2769 est.
796 2731 919 2768 Anno
954 2741 1276 2773 MDCCCXLVIII,
1311 2730 1365 2769 ob
1409 2744 1545 2768 rerum
1579 2730 1758 2769 civilium

200 2799 532 2839 immutationem
566 2809 607 2839 et
640 2799 878 2851 provinciae
912 2808 1077 2838 nostrae
1122 2799 1450 2845 subversionem,
1486 2815 1528 2839 se
1564 2801 1758 2839 Iavenum

201 2870 313 2920 apud
346 2884 444 2908 suos
478 2870 645 2921 recepit,
680 2879 721 2909 et
754 2880 903 2921 patruo
943 2870 1147 2908 sacerdoti
1196 2870 1355 2909 curioni
1405 2871 1483 2909 iam
1519 2871 1759 2914 senescenti,
