1926 3200
820 254 1080 279 —22o—

162 346 374 385 relaxandi
421 360 556 391 causa,
603 347 841 397 complures
891 347 1183 398 inscriptiones
1232 346 1564 398 elegantissimas
1606 346 1731 385 latine

161 417 439 458 concinnavit.
464 418 662 457 Cherium
696 431 899 460 reversus,
924 432 970 456 ac
994 419 1133 468 paullo
1158 426 1253 469 post
1283 417 1463 468 paralysi
1497 425 1729 468 correptu5,

162 489 290 528 vitam
324 502 417 527 cum
450 498 584 527 morte
618 489 904 530 commutavit.
945 489 1091 527 aetatis
1130 503 1239 528 311110
1263 488 1579 540 septuagesimo
1613 496 1732 527 sexto

162 560 350 599 nondum
384 560 563 610 expleto.

253 631 398 682 Magni
432 631 577 682 procul
611 631 740 669 dubio
774 631 814 669 in
848 631 996 670 litteris
1029 645 1051 669 a
1084 631 1168 669 suis
1201 631 1415 669 sodalibus
1458 639 1520 669 est
1553 630 1731 676 habitus,

164 710 220 749 ut,
246 716 330 754 quo
354 702 531 754 quisque
554 702 717 741 doctior
739 711 838 745 erat,
864 716 914 741 eo
938 702 1066 753 pluris
1085 702 1297 741 hominem
1322 702 1487 742 faceret.
1514 701 1654 739 Nihilo
1678 708 1734 739 ta-

163 787 258 812 men
292 774 429 812 minus
461 774 513 812 ab
536 773 743 824 aliquibus
766 773 802 812 ei
825 773 967 812 datum
992 781 1054 811 est
1077 774 1235 824 culpae,
1270 773 1384 824 quod
1417 773 1549 811 aliena
1580 771 1734 822 scripta

164 844 288 883 nimis
321 853 468 883 nasute
500 844 782 896 distringeret.
816 845 873 882 At
907 844 1016 882 enim
1051 853 1268 882 emunctae
1308 843 1417 882 naris
1462 843 1590 881 homo
1624 850 1733 881 erat:

164 915 283 967 isque
316 915 606 955 reconditioris
639 915 930 967 pulcritudinis
963 929 1108 954 sensus
1156 915 1195 953 in
1230 930 1279 954 eo
1328 916 1471 959 inerat,
1508 923 1552 953 ut
1586 914 1735 952 menda

165 987 231 1026 vel
263 987 518 1032 tenuissima,
554 1001 660 1038 quae
705 987 744 1026 in
793 987 947 1038 scripta
986 987 1092 1025 forte
1132 987 1371 1037 irreperent.
1417 986 1616 1025 continuo
1654 985 1735 1023 3111-

167 1059 475 1104 madverteret,
521 1067 563 1097 et
616 1058 836 1109 repentino
895 1058 1077 1109 quodam
1134 1058 1330 1096 instinctu
1385 1058 1734 1108 perhorrescens,

166 1130 378 1180 extemplo
411 1129 603 1168 censorio
636 1144 777 1181 ungue
811 1138 986 1168 notaret.
1023 1129 1133 1167 Hinc
1166 1129 1289 1167 etiam
1329 1129 1465 1169 fiebat.
1502 1136 1545 1166 ut
1579 1141 1629 1166 ne
1662 1141 1735 1165 sua

169 1201 339 1252 quidem
372 1201 409 1240 ei
443 1201 542 1240 satis
574 1201 804 1252 placerent:
854 1210 894 1239 et
933 1200 1098 1239 tametsi
1137 1209 1282 1251 terque
1325 1208 1555 1250 quaterque
1605 1198 1736 1237 reddi-

167 1272 285 1310 derat
318 1272 469 1318 incudi,
504 1272 632 1322 digna
667 1280 805 1310 tamen
853 1285 936 1310 non
985 1271 1253 1312 existimaret,
1294 1284 1400 1321 quae
1434 1270 1473 1308 in
1523 1269 1735 1320 publicum

168 1343 399 1393 prodirent.
437 1344 581 1394 Itaque
605 1357 818 1394 nunquam
843 1342 981 1381 induci
1005 1342 1154 1393 potuit,
1180 1350 1223 1380 ut
1257 1355 1363 1392 quae
1396 1341 1561 1392 potiora
1584 1347 1734 1385 essent,

168 1414 209 1452 in
242 1414 440 1452 volumen
472 1423 643 1464 cogeret
676 1422 717 1452 et
750 1413 903 1464 publici
937 1413 1037 1451 iuris
1070 1413 1240 1451 faceret:
1276 1413 1374 1463 quin
1414 1412 1542 1450 immo
1575 1418 1734 1456 cuncta,

170 1485 235 1524 vel
270 1485 310 1523 111
344 1486 472 1524 frusta
504 1485 737 1536 discerpsit,
773 1485 837 1523 vel
871 1485 968 1535 igne
992 1484 1237 1534 absumpsit.
1262 1484 1418 1521 Verum
1454 1482 1551 1521 boni
1587 1480 1736 1532 Superi

168 1556 486 1607 prohibuerunt,
521 1571 571 1595 116
605 1557 745 1595 01111113
783 1556 948 1607 penitus
988 1555 1215 1595 interirent.
1252 1554 1385 1593 Multa
1417 1554 1541 1599 enim,
1576 1566 1682 1603 quae
1715 1566 1738 1590 a

168 1627 254 1665 suis
286 1627 511 1673 sodalibus,
546 1628 611 1666 vel
645 1627 871 1678 discipulis,
906 1627 1102 1677 religiose
1136 1625 1384 1676 transcripta
1417 1632 1545 1664 erant.
1581 1637 1630 1661 eo
1655 1623 1738 1661 vita

167 1698 322 1742 functo,
358 1707 453 1737 sunt
486 1699 609 1740 edita,
644 1707 685 1737 et
708 1699 759 1736 ab
784 1698 977 1736 universa
1002 1697 1212 1748 republica
1235 1695 1434 1735 litteraria
1457 1694 1631 1733 summis
1655 1694 1738 1732 lau-

170 1768 292 1807 dibus
324 1778 509 1819 excepta.
545 1770 653 1807 Nam
687 1769 774 1807 eius
808 1768 991 1807 carmina
1033 1776 1074 1806 et
1118 1766 1409 1817 inscriptiones
1450 1765 1600 1804 latinae
1633 1764 1740 1802 adeo

170 1841 387 1886 excellunt,
422 1850 467 1880 ut
500 1841 659 1879 tamdiu
685 1840 725 1878 in
760 1841 920 1878 11011016
944 1841 1024 1878 51111
1048 1840 1196 1880 futura.
1223 1837 1422 1889 quamdiu
1447 1850 1567 1875 suum
1604 1835 1740 1874 latinis

171 1912 318 1951 litteris
352 1913 533 1963 pretium
568 1912 787 1951 constabit.

258 1985 324 2022 De
356 1984 444 2023 eius
478 1984 685 2035 religiosis
709 1983 932 2022 virtutibus
956 1983 1057 2021 11366
1080 1982 1303 2032 praecipue
1343 1987 1738 2019 commemorantur.

170 2055 422 2094 Societatem
471 2056 578 2101 Iesu,
628 2055 691 2093 cui
741 2069 783 2092 se
831 2053 1059 2095 addixerat,
1110 2060 1316 2103 perpetuo
1349 2051 1504 2092 dilexit,
1540 2050 1662 2100 eique
1698 2049 1737 2087 in

172 2126 409 2178 omnigenis
463 2126 773 2164 discriminibus
835 2125 1029 2176 promissi
1084 2124 1208 2162 fidem
1270 2122 1490 2173 praestitit.
1551 2121 1742 2159 Modera-

171 2205 309 2235 torum
342 2210 476 2248 aequo
505 2206 545 2235 et
569 2204 766 2247 prompto
811 2196 950 2234 animo
995 2195 1197 2245 imperata
1240 2193 1346 2232 fecit.
1395 2192 1636 2242 Discipulos
1680 2190 1735 2229 ad

170 2267 327 2306 litteras
360 2267 576 2306 instituere
609 2267 838 2309 consuevit.
876 2275 919 2304 ut
963 2266 1051 2316 pari
1096 2265 1246 2309 studio,
1283 2264 1397 2315 quod
1441 2262 1625 2301 Instituti
1670 2275 1740 2299 no-

172 2339 245 2378 stri
279 2339 384 2378 ratio
430 2339 626 2390 postulat.
662 2339 715 2377 ad
750 2338 996 2389 religionem
1037 2346 1076 2375 et
1126 2336 1325 2387 pietatem
1366 2334 1596 2385 effingeret.
1650 2333 1744 2383 Qua

172 2409 223 2448 de
256 2424 380 2448 causa
412 2424 495 2448 non
529 2409 750 2448 defuerunt
783 2409 852 2459 qui
887 2409 938 2446 ab
967 2408 1055 2446 eius
1090 2407 1175 2445 ludi
1209 2405 1415 2445 subselliis
1450 2405 1488 2442 in
1523 2403 1743 2453 religiosas

168 2481 291 2519 cellas
323 2495 367 2519 se
400 2494 443 2519 se
476 2480 773 2519 transtulerint.
810 2480 855 2517 In
890 2493 973 2530 quo
1007 2492 1104 2516 sane
1139 2477 1294 2516 maiore
1334 2490 1429 2514 eum
1471 2474 1736 2514 commenda-

171 2551 285 2590 tione
317 2551 491 2602 dignum
526 2551 731 2595 existimo,
767 2564 850 2601 quo
885 2549 1019 2599 magis
1058 2547 1272 2587 doctrinae
1306 2554 1489 2597 praestat
1518 2545 1678 2595 religio.

260 2623 433 2662 Sodales
468 2623 661 2664 iuniores,
695 2630 738 2660 ut
762 2635 878 2659 suam
912 2634 1012 2671 erga
1046 2619 1180 2658 virum
1215 2617 1566 2657 existimationem
1600 2623 1640 2654 et
1673 2615 1741 2654 be-

174 2694 453 2733 nevolentiam
507 2702 603 2744 post
655 2693 742 2731 eius
791 2691 951 2730 obitum
1001 2691 1140 2729 denuo
1183 2697 1462 2731 testarentur,
1522 2686 1588 2725 die
1636 2686 1743 2724 festo

173 2765 314 2803 Sancti
349 2764 495 2803 Aloisii
529 2765 769 2812 Gonzagae,
804 2762 1015 2801 studiosae
1050 2760 1275 2799 iuventutis
1299 2758 1509 2810 praestitis
1542 2755 1740 2802 tutelaris,

176 2836 216 2873 in
264 2835 446 2873 maximo
494 2835 733 2873 ambulacro
781 2834 931 2872 domus
966 2831 1228 2870 Antonianae
1263 2829 1514 2873 Cheriensisy
1549 2828 1628 2865 1106
1661 2826 1744 2876 epi-

179 2920 368 2955 gramma
401 2907 535 2956 palum
571 2905 794 2954 legendum
829 2904 1118 2942 exhibuerunt.
