1926 3200
897 199 1159 235 —162—

326 306 442 343 Haec
474 304 700 356 praecipua
747 304 835 343 eius
883 304 1009 342 animi
1058 303 1189 342 virtus
1238 312 1325 342 tum
1365 302 1609 354 praesertim
1643 302 1804 348 enituit,

232 390 328 414 cum
362 375 568 415 sodalium
612 389 780 427 praeses
822 375 1075 414 constitutus
1119 382 1192 413 est.
1240 375 1507 419 Mansuetus,
1552 373 1706 417 comis,
1752 373 1806 411 af-

235 447 382 491 fabilis,
418 461 564 486 omnes
588 447 762 498 perinde
795 461 841 486 ac
874 455 992 497 pater
1026 445 1132 484 filios
1171 445 1473 496 alloquebatur,
1513 458 1587 483 nec
1622 459 1805 496 unquam

233 519 285 557 ab
318 518 407 557 eius
441 532 512 557 ore
544 519 719 557 verbum
741 518 907 563 excidit,
934 517 1049 569 quod
1072 517 1221 555 acerbe
1247 524 1427 555 sonaret.
1455 516 1503 554 Id
1526 515 1602 555 [1111
1625 524 1805 567 praesta-

231 590 369 629 bilius.
405 590 672 640 Quamquam
697 589 797 627 nihil
820 588 1059 632 admiserat,
1086 588 1200 639 quod
1223 587 1300 626 sibi
1328 588 1474 638 culpae
1498 587 1585 625 iure
1609 595 1803 631 verteret,

232 669 373 700 tamen
405 676 428 699 a
461 661 646 712 quodam
679 660 823 699 sodale
846 659 924 699 sibi
948 659 1129 705 subdito,
1156 659 1197 697 in
1220 659 1338 697 cuius
1362 658 1636 697 offensionem
1660 666 1805 697 contra

233 741 379 772 votum
399 732 611 775 inciderat,
632 732 796 770 veniam
816 730 1114 771 demississime
1133 731 1345 782 postulare
1364 744 1447 769 non
1466 729 1687 769 dubitavit.
1708 729 1806 769 Oris

234 803 454 849 modestia,
482 803 625 841 mundi
649 811 928 853 contemptus,
954 810 995 840 et
1018 801 1255 840 solitudinis
1280 815 1398 839 amor
1421 800 1647 851 plurimum
1681 800 1805 839 etiam

241 874 282 913 in
317 889 366 913 eo
400 875 577 913 eluxere.
613 874 680 913 Ab
714 874 878 912 urbium
923 873 1001 911 viis
1039 871 1381 924 opulentissimis.
1418 871 1806 923 pulcherrimisque,

237 959 341 996 quas
376 945 481 984 [0116
516 944 843 996 ingrediebatur,
868 958 1047 995 propere
1076 944 1225 994 pedem
1251 943 1474 982 referebat:
1505 956 1640 994 neque
1663 956 1805 981 earum

232 1024 517 1062 monumenta,
543 1024 613 1055 aut
638 1030 795 1054 merces
813 1015 1056 1066 peregrinas
1076 1014 1254 1053 invisere
1274 1014 1540 1065 dignabatur.
1566 1013 1610 1052 Si
1635 1013 1806 1064 quando

233 1088 375 1139 magni
393 1096 618 1139 apparatus
637 1087 793 1130 fierent.
829 1087 1066 1138 spectacula
1099 1086 1336 1132 ederentur,
1372 1086 1437 1124 vel
1471 1099 1652 1136 pompae
1685 1085 1806 1123 duce-

230 1167 386 1203 rentur,
422 1173 465 1197 se
498 1158 613 1197 domi
638 1159 818 1205 tenebat,
853 1167 893 1197 et
918 1157 987 1196 uni
1024 1159 1128 1201 Deo,
1165 1158 1229 1196 vel
1260 1157 1401 1196 studio
1425 1156 1681 1195 intendebat.

320 1229 563 1281 Religiosae
586 1229 844 1280 paupertatis
862 1228 1173 1267 amantissimus
1192 1227 1279 1267 fuit.
1303 1227 1547 1266 Parcissime
1572 1226 1802 1273 victitabat,

230 1309 346 1340 veste
380 1301 569 1340 obsoleta
602 1301 806 1343 utebatur.
833 1308 874 1339 et
903 1300 991 1351 ipse
1020 1299 1098 1338 sibi
1128 1298 1268 1337 multis
1294 1299 1333 1337 in
1364 1299 1488 1337 rebus
1527 1297 1803 1336 ministrabat.

232 1372 375 1423 Quum
402 1372 442 1410 in
461 1372 563 1410 urbe
586 1372 741 1411 Sancto
762 1371 957 1413 Romulo.
979 1370 1037 1409 uti
1057 1384 1182 1420 supra
1200 1369 1433 1415 docuimus,
1458 1369 1631 1407 domum
1651 1368 1805 1407 nostris

230 1443 444 1482 sodalibus
488 1443 752 1482 statuendam
795 1443 1048 1487 curavisset,
1095 1450 1136 1480 et
1180 1440 1308 1479 annui
1358 1440 1514 1478 reditus
1558 1440 1611 1478 ad
1653 1440 1804 1478 samem

231 1515 560 1566 propulsandam
594 1514 663 1553 vix
695 1514 952 1557 sufficerent,
988 1527 1154 1552 causam
1189 1520 1375 1563 rogatus:
1407 1525 1429 1549 «
1459 1511 1636 1549 Divinae
1663 1510 1805 1549 Provi-

230 1585 409 1632 dentiae,
430 1585 576 1636 inquit,
593 1585 697 1624 ratio
718 1599 800 1623 non
825 1584 968 1631 deerit,
994 1598 1075 1635 qua
1099 1583 1183 1622 suis
1207 1582 1371 1621 famulis
1395 1596 1441 1620 ac
1465 1581 1558 1620 filiis
1582 1582 1745 1632 plenius
1763 1582 1804 1620 in

231 1664 447 1708 posterum
478 1656 755 1707 prospiciat».
790 1656 931 1706 Atque
971 1655 1026 1693 ita
1063 1654 1225 1693 accidit.
1262 1653 1391 1692 Morti
1425 1652 1653 1704 proximus,
1689 1653 1803 1691 fratri

230 1727 456 1774 sacerdoti,
484 1742 505 1765 «
528 1728 754 1773 Memento,
786 1727 932 1778 inquit,
963 1740 1028 1764 me
1053 1725 1187 1764 virum
1212 1724 1457 1776 religiosum
1487 1738 1591 1770 esse;
1626 1723 1805 1775 proinde

232 1799 332 1838 mihi
351 1799 436 1837 vita
454 1799 609 1841 functo,
629 1798 709 1837 ritu
730 1797 1042 1837 modestissimo
1062 1798 1168 1835 iusta
1182 1795 1410 1847 persolvito
1426 1810 1459 1833 ».
1480 1795 1646 1834 Baronii
1665 1794 1804 1833 obitus

230 1869 524 1909 acerbissimus
548 1870 706 1908 exstitit
739 1869 983 1920 praesertim
1018 1868 1245 1918 discipulis,
1283 1881 1463 1918 quorum
1489 1868 1627 1917 plures
1661 1866 1805 1905 habuit

231 1941 373 1993 magni
407 1949 554 1992 postea
587 1940 780 1979 nominis.
828 1941 920 1979 Hos
969 1939 1076 1978 inter
1118 1939 1369 1989 compellare
1402 1938 1501 1976 libet
1536 1936 1802 1976 Franciscum

230 2012 625 2055 Zunnui-Casulam,
652 2012 910 2063 Episcopum
946 2010 1226 2050 Usellensium
1266 2019 1307 2049 et
1345 2008 1695 2053 Terralbensium,
1732 2008 1801 2059 qui

230 2084 419 2135 magistri
453 2083 596 2135 elogio
630 2083 880 2133 conscripto,
916 2083 993 2121 sub
1027 2082 1183 2120 exitum
1220 2083 1323 2120 haec
1359 2080 1529 2119 adiecit:

317 2237 446 2265 HANC
480 2250 488 2254 -
525 2237 707 2265 GRATVS
744 2249 750 2253 ·
788 2236 886 2263 PIVS
922 2249 929 2253 -
966 2235 1186 2263 MOERENS
1224 2248 1230 2251 -
1266 2233 1493 2262 CORONAM
1530 2246 1538 2250 -
1573 2233 1718 2259 NEXVI

290 2331 387 2358 EAM
432 2343 439 2348 ·
480 2331 633 2358 PORRO
675 2343 682 2347 -
723 2330 782 2358 TV
819 2343 824 2346 ·
861 2330 1099 2356 MAGISTER
1134 2342 1142 2346 ·
1180 2329 1230 2355 Ml
1273 2341 1279 2345 -
1318 2327 1739 2355 DESIDERATISSIME

376 2425 547 2453 VELVTI
571 2437 579 2442 -
606 2425 750 2452 MVLTI
778 2437 785 2441 -
812 2425 900 2451 PRO
928 2437 933 2441 -
960 2424 1024 2451 ME
1051 2436 1057 2441 ·
1082 2423 1277 2451 SVDORIS
1305 2435 1311 2439 ·
1337 2422 1413 2449 TVI
1441 2434 1448 2439 ·
1474 2422 1654 2448 TESTEM

503 2519 683 2555 MEIQVE
717 2532 724 2536 -
761 2519 935 2546 AMORIS
971 2531 977 2535 ·
1016 2517 1203 2545 HABETO
1238 2530 1246 2534 -
1283 2516 1531 2544 ACCEPTAM

354 2615 509 2641 VELVT
554 2627 560 2631 ·
605 2614 729 2641 TVAE
775 2626 780 2631 ·
823 2613 1073 2640 SYMBOLVM
1123 2625 1130 2630 ·
1164 2612 1347 2648 QVIETIS
1383 2624 1389 2627 ·
1427 2611 1474 2637 IN
1510 2624 1515 2627 -
1557 2611 1684 2638 DEVM

661 2708 793 2735 CVIVS
829 2720 835 2725 ·
872 2708 961 2735 PRO
998 2720 1003 2724 ·
1041 2707 1217 2734 INSIGNI
1252 2719 1258 2723 ·
1298 2706 1388 2732 TVO

522 2802 689 2829 MAIORI
726 2815 732 2818 -
767 2802 975 2829 GLORIAE
1014 2814 1019 2818 ·
1055 2800 1364 2829 VELIFICATVS
1402 2813 1405 2816 ·
1446 2800 1494 2826 lis·
1560 2794 1623 2837 (3)
