1926 3200
835 229 1069 266 -50-

158 325 311 370 emisit,
348 325 499 376 quibus
534 338 617 363 non
652 324 906 363 mediocrem
940 324 1019 363 sibi
1042 323 1193 362 famam
1228 323 1375 362 effecit.
1413 324 1602 362 Exeunte
1625 337 1733 362 anno

163 408 397 443 MDCCCLV,
434 395 474 434 in
500 395 661 435 Italiam
691 404 923 439 revocatus,
952 395 991 434 in
1016 394 1167 434 vicinia
1191 394 1516 440 Massae—Ducis‚
1543 394 1583 433 in
1606 395 1733 433 domo

163 477 330 508 nostrae
363 467 597 513 Societatis,
633 467 698 505 cui
733 467 1078 518 Querquetulana
1111 480 1264 505 nomen
1288 475 1387 512 erat,
1420 465 1572 505 nostris
1606 465 1735 504 iunio-

164 541 278 579 ribus
313 540 455 578 rhetor
488 538 660 590 obtigit3
706 538 859 590 quibus
907 538 960 577 ad
1009 537 1193 576 sinceros
1241 536 1447 588 politioris
1481 537 1735 576 litteraturae

166 612 302 651 fontes
326 610 595 657 deducendis,
621 609 837 662 egregiam
862 623 1034 660 operam
1060 609 1274 660 impendit.
1301 610 1447 660 Itaque
1471 608 1519 647 iis
1542 608 1736 647 omnibus

164 683 376 721 rhetorem
400 681 806 733 praestantissimum
830 695 874 719 se
898 680 1202 731 comprobavit.
1230 681 1330 719 Erat
1362 679 1472 718 enim
1496 679 1626 731 longo
1655 688 1737 718 stu-

164 754 236 793 dio
269 762 395 804 atque
428 767 505 792 usu
538 753 685 797 latine,
721 766 892 804 graece,
934 751 1104 803 gallice,
1144 760 1269 802 atque
1302 750 1436 790 italice
1470 759 1514 790 ut
1547 750 1618 802 qui
1656 764 1738 789 ma-

164 825 274 863 xime
308 825 508 869 excustus,
549 837 596 862 ac
629 823 852 874 praecipue
901 822 1051 861 Dantis
1099 821 1305 873 Aligherii
1355 821 1560 873 poematis
1608 821 1735 860 divini

167 897 299 935 multo
333 895 677 939 studiosissimus,
714 895 754 934 in
778 894 1010 946 primisque
1033 894 1204 945 peritus.
1231 893 1409 932 Easdem
1434 893 1589 932 litteras
1624 902 1735 944 post-

168 967 341 1006 modum
376 966 416 1004 in
451 966 642 1017 Collegio
678 965 991 1004 Massae-Ducis
1025 973 1087 1003 est
1111 964 1334 1015 professus,
1368 963 1507 1014 ibique
1541 971 1739 1014 quattuor

166 1037 441 1077 sollemnibus
490 1037 710 1088 religiosae
758 1035 1031 1087 professionis
1080 1035 1188 1074 votis
1239 1036 1331 1073 Deo
1379 1048 1422 1073 se
1471 1034 1736 1085 mancipavit.

171 1109 281 1148 Hinc
314 1109 542 1160 digressus,
580 1108 802 1159 Neapolim
846 1107 886 1145 in
921 1108 1174 1146 Nostrorum
1213 1105 1438 1157 collegium
1472 1119 1515 1144 se
1548 1105 1737 1149 contulit,

167 1191 208 1220 et
242 1181 528 1219 adolescentes
561 1181 764 1225 alumnos,
800 1192 947 1218 suasor
980 1188 1020 1217 et
1052 1178 1254 1229 magister
1286 1177 1465 1228 pietatis
1506 1186 1619 1216 tanta
1652 1191 1740 1215 sua-

170 1252 298 1291 vitate
332 1266 378 1290 ac
412 1251 628 1303 vigilantia
660 1251 712 1289 ad
745 1264 914 1290 omnem
949 1249 1164 1301 religionis
1197 1263 1243 1287 ac
1277 1262 1440 1287 morum
1475 1248 1739 1287 honestatem

170 1323 341 1366 effinxit,
378 1332 422 1361 ut
455 1323 645 1361 laborum
694 1335 865 1360 suorum
915 1321 1072 1359 fructus
1121 1319 1290 1358 minime
1338 1319 1614 1370 poenitendos
1649 1332 1737 1369 per—

171 1394 344 1445 ceperit.

261 1466 317 1503 At
352 1464 528 1503 Santinii
564 1464 603 1501 in
638 1463 937 1514 rempublicam
972 1462 1212 1513 religiosam
1246 1470 1286 1500 et
1319 1461 1559 1499 litterariam
1594 1460 1740 1499 merita

171 1536 337 1587 potiora
371 1535 411 1573 in
445 1543 660 1585 posterum
694 1533 901 1572 exstitere.
939 1532 1116 1577 Etenim,
1154 1541 1197 1571 ut
1230 1545 1358 1583 opera
1391 1531 1530 1570 onmia
1563 1531 1741 1570 Sanctae

170 1606 399 1652 Teresiae‚
465 1605 652 1656 Virginis
706 1604 986 1644 Carmelitidis
1041 1604 1272 1654 hispanae,
1334 1602 1468 1641 italice
1527 1610 1739 1649 verteret,

168 1692 280 1716 anno
314 1688 549 1721 MDCCCLX,
583 1675 814 1714 Pictavium
848 1676 888 1713 in
914 1675 1091 1714 Galliam
1116 1674 1297 1725 primum
1321 1682 1384 1712 est
1408 1673 1632 1724 profectus,
1657 1686 1742 1724 quo

170 1763 280 1788 nova
312 1748 449 1787 studia
482 1761 576 1786 cum
603 1748 644 1785 P.
672 1747 870 1785 Marcello
894 1747 1040 1791 Bouix,
1066 1745 1136 1796 qui
1162 1745 1308 1784 eadem
1332 1758 1460 1795 opera
1483 1744 1630 1795 gallice
1655 1744 1746 1782 red-

170 1820 345 1863 diderat,
382 1819 543 1870 plenius
577 1819 794 1857 conferret.
821 1818 930 1856 Dein
966 1817 1005 1855 in
1041 1817 1288 1868 Hispaniam
1313 1816 1459 1867 ipsam,
1491 1815 1743 1866 exemplaria

170 1890 435 1942 autographa
458 1890 695 1928 consultum
720 1889 804 1928 ivit.
832 1889 892 1927 Ibi
918 1888 1058 1927 onmia
1077 1886 1431 1938 interpretationis
1455 1885 1640 1925 subsidia
1663 1885 1740 1924 sibi

173 1962 357 2014 paravit:
393 1970 433 2000 at
467 1961 717 2006 versionem,
752 1960 922 2011 optimis
947 1968 1139 2010 coeptam
1164 1958 1372 2009 auspiciis,
1398 1958 1450 1996 ad
1472 1957 1628 1996 exitum
1654 1970 1742 2007 per-

172 2034 325 2072 ducere
359 2046 441 2071 non
477 2031 628 2082 potuit.
666 2031 904 2076 Enimvero,
941 2045 1070 2082 quum
1115 2043 1291 2081 operum
1325 2029 1522 2080 pleraque
1555 2027 1742 2066 eiusdem

174 2103 376 2155 Virginis,
413 2117 520 2154 quae
555 2103 711 2141 maiora
744 2102 1020 2153 appellantur,
1072 2101 1206 2140 italica
1254 2099 1429 2145 fecisset,
1464 2108 1589 2149 atque
1622 2098 1662 2136 in
1695 2111 1745 2136 eo

172 2184 305 2220 esset,
341 2184 385 2213 ut
419 2174 458 2212 in
495 2174 654 2213 Italiam
689 2182 988 2218 reverteretur,
1031 2172 1099 2211 ubi
1133 2181 1269 2211 cetera
1311 2171 1567 2216 absolveret,
1613 2183 1744 2220 eaque

174 2245 315 2285 omnia
348 2246 387 2284 in
422 2246 574 2296 vulgus
623 2245 843 2290 emitteret,
894 2244 1055 2282 diutina
1103 2243 1255 2282 laboris
1303 2241 1583 2286 contentione,
1619 2249 1659 2279 et
1689 2239 1745 2277 in-

172 2316 323 2355 solenti
358 2316 542 2367 regionis
576 2325 706 2363 aestu,
756 2316 942 2354 defectus
991 2314 1159 2357 viribus,
1209 2322 1380 2352 naturae
1423 2311 1585 2362 legibus
1619 2310 1744 2349 cessit

176 2387 347 2433 Matriti,
373 2396 622 2438 tempestate
645 2400 941 2437 praepropera,
967 2399 1121 2423 annum
1155 2398 1285 2436 agens
1309 2383 1501 2422 videlicet
1526 2393 1640 2420 XLIII
1667 2382 1744 2432 (Ι).

268 2458 341 2496 Vir
375 2458 544 2508 ingenio
579 2458 803 2508 praeclaro,
839 2456 1028 2495 doctrina
1061 2454 1274 2506 singulari,
1309 2462 1350 2492 et
1382 2453 1552 2491 subacta
1575 2452 1741 2496 virtute,

177 2528 219 2566 id
252 2542 381 2566 unum
415 2536 619 2578 perpetuo
653 2526 922 2568 adlaboravit,
960 2534 1004 2564 ut
1038 2525 1117 2564 Dei
1151 2523 1285 2576 gloria
1317 2531 1357 2561 et
1380 2522 1495 2572 vulgi
1529 2522 1638 2560 salus
1678 2534 1746 2559 an-

175 2598 398 2649 tiquiorem
432 2598 545 2648 apud
578 2611 621 2636 se
655 2598 790 2636 locum
825 2597 1038 2641 haberent,
1074 2608 1227 2645 easque
1252 2593 1365 2632 omni
1399 2606 1478 2643 ope
1512 2591 1745 2642 provehere

175 2669 348 2708 studuit.
384 2668 548 2719 Quibus
582 2668 805 2707 virtutibus
829 2667 976 2711 effecit,
1013 2675 1057 2705 ut
1080 2675 1120 2705 et
1144 2679 1265 2704 suum
1290 2664 1379 2715 ipse
1403 2676 1554 2701 nomen
1578 2661 1746 2713 longius

174 2740 214 2777 in
249 2748 440 2790 posteros
464 2739 726 2789 produceret.
759 2737 858 2776 Eius
883 2736 1096 2788 religionis
1121 2735 1318 2779 studium,
1355 2742 1473 2784 gesta
1507 2732 1744 2783 scriptaque

175 2809 327 2855 omnia,
363 2818 403 2848 et
435 2809 670 2848 versionem
704 2808 949 2860 praesertim
988 2821 1162 2858 operum
1207 2806 1383 2845 Sanctae
1427 2803 1632 2849 Teresiae,
1670 2803 1744 2841 Ca-

176 2882 312 2919 millus
347 2881 482 2926 Mella,
519 2881 589 2931 qui
639 2881 744 2919 hanc
793 2881 924 2931 ipsam
974 2878 1197 2930 supplevit,
1233 2877 1384 2927 aliique
1417 2875 1505 2919 viri,
1541 2884 1629 2913 tum
1663 2873 1745 2924 pie-
