1926 3200
894 231 1125 276 *33-

220 330 292 382 qui
327 331 404 369 sub
438 330 533 369 anni
569 330 726 370 exitum
761 332 955 370 universa
998 331 1348 384 philosophorum
1387 333 1502 380 scita,
1539 334 1579 373 in
1612 337 1796 375 sacrario-

218 402 468 441 Sanctorum
504 402 756 452 Martyrum,
791 416 869 453 pro
903 403 1104 442 concione
1146 412 1372 454 exponeret
1405 418 1451 443 ac
1489 416 1791 457 propugnaret.

219 474 491 524 Quamquam
525 487 624 512 vero
657 474 895 513 valetudine
929 482 992 514 est
1015 474 1252 526 impeditus,
1277 475 1502 526 quominus
1526 477 1605 516 hoc
1635 478 1791 529 ingenii

219 544 433 595 specimen
466 544 634 595 publice
667 545 881 585 exhiberet
916 547 992 597 (Ι).

315 616 465 654 Postea
489 615 769 662 Camberium,
791 615 831 654 in
850 617 995 655 urbem
1014 617 1293 669 Allobrogum
1312 627 1438 669 caput
1462 633 1508 658 ac
1532 620 1792 671 magistram,

216 686 454 733 contendit;
479 695 519 726 et
546 686 585 725 in
609 687 788 739 collegio
812 689 1066 727 Nostrorum
1085 689 1304 727 mathesim
1327 689 1630 738 sublimiorem,
1663 692 1789 730 scien-

216 758 391 808 fiasque,
427 772 531 809 quas
564 759 773 797 naturales
806 759 1077 810 adpellamus,
1113 760 1360 811 explanavit.
1401 762 1498 812 Quo
1537 762 1577 800 in
1616 776 1789 801 munere

217 830 341 868 talem
375 843 418 868 se
451 829 672 880 praestitit,
709 838 754 869 ut
786 831 1051 882 Allobroges,
1087 831 1199 882 apud
1233 845 1337 882 quos
1372 832 1413 871 id
1441 847 1576 884 genus
1609 833 1787 884 discipli-

216 913 362 938 narum
396 900 579 951 plurimo
613 909 675 940 est
709 900 749 939 in
783 901 954 948 honore,
990 901 1163 940 summis
1196 916 1290 941 eum
1323 903 1516 942 laudibus
1550 903 1783 951 extulerint,

214 979 255 1010 et
277 970 634 1022 Archiepiscopus
659 971 1030 1019 Camberiensium,
1061 971 1123 1011 vir
1145 973 1269 1024 longe
1302 973 1584 1021 doctissimus,
1611 988 1783 1025 operam

214 1042 390 1089 dederit,
417 1051 462 1081 ut
496 1043 739 1090 Calvettius,
774 1043 869 1082 licet
891 1057 1022 1082 annos
1046 1043 1230 1095 quinque
1254 1052 1293 1083 et
1316 1045 1466 1096 viginti
1491 1045 1627 1085 minor
1650 1054 1784 1092 natus,

215 1113 255 1152 in
290 1113 632 1153 Camberiensem
666 1113 936 1153 Academiam
969 1114 1235 1153 scientiarum
1259 1124 1537 1166 cooptaretur.
1574 1116 1622 1155 Id
1657 1130 1784 1167 porro

214 1184 455 1223 Academici
493 1198 639 1224 omnes
673 1185 724 1223 ad
758 1199 886 1223 unum
920 1185 1078 1236 optime
1111 1186 1263 1224 factum
1297 1196 1528 1226 senserunt.

303 1256 428 1295 Anno
462 1268 787 1303 MDCCCXLVIH,
824 1270 908 1308 quo
942 1257 1105 1295 sodales
1139 1257 1268 1296 nostri
1312 1271 1456 1296 omnes
1491 1266 1576 1297 tota
1611 1258 1727 1297 Italia
1760 1272 1783 1297 e

213 1327 299 1366 suis
332 1327 532 1366 domibus
565 1341 639 1378 per
671 1327 755 1366 vim
789 1336 885 1367 sunt
909 1327 1038 1375 eiecti,
1064 1342 1110 1367 ac
1132 1329 1285 1366 bellum
1309 1328 1409 1367 illud
1434 1329 1581 1381 ingens
1615 1329 1778 1375 exarsit,

213 1412 296 1449 quo
330 1399 505 1437 Carolus
543 1399 754 1445 Albertus,
790 1398 1007 1438 Sardiniae
1040 1413 1123 1444 rex,
1158 1399 1282 1438 armis
1304 1408 1448 1439 contra
1480 1399 1676 1438 Austriae
1700 1400 1778 1438 Im-

213 1478 446 1520 peratorem
482 1469 616 1517 illatis,
652 1470 798 1517 victus,
833 1470 1002 1521 fugatus
1037 1478 1077 1509 et
1109 1470 1236 1515 fusus,
1282 1484 1413 1522 regno
1446 1470 1558 1510 avito
1592 1484 1635 1509 se
1668 1471 1780 1509 abdi-

210 1541 330 1587 cavit,
367 1541 611 1588 Calvettius,
648 1541 718 1592 qui
762 1541 999 1592 theologiae
1039 1541 1178 1580 studio
1213 1541 1383 1580 Taurini
1427 1555 1596 1593 operam
1640 1542 1777 1588 dabat,

211 1626 295 1651 non
313 1626 462 1663 expers
481 1612 557 1651 fuit
580 1612 764 1663 periculi.
785 1612 867 1652 Ubi
891 1626 990 1651 vero
1015 1612 1214 1652 intellexit
1237 1612 1313 1651 sibi
1337 1613 1467 1651 otium
1487 1626 1570 1652 non
1594 1612 1682 1651 dari
1701 1627 1778 1664 pro

209 1683 431 1722 securitate
455 1683 636 1730 vivendi,
662 1692 702 1722 et
725 1684 919 1723 studendi
944 1683 1253 1735 tranquillitate,
1289 1684 1486 1723 idoneum
1516 1692 1682 1735 tempus
1715 1693 1778 1723 est

208 1763 322 1794 ratus
355 1755 547 1807 religioni
573 1755 829 1806 obsequendi
865 1769 976 1794 suae.
1013 1756 1158 1806 Itaque
1187 1755 1420 1794 sacerdotio
1454 1756 1686 1794 clanculum
1711 1758 1776 1805 (2)

209 1826 406 1871 initiatus,
443 1834 482 1865 et
516 1827 702 1865 sodalem
736 1835 893 1873 nactus,
929 1826 999 1877 qui
1033 1827 1085 1865 ad
1134 1841 1270 1866 sacras
1318 1835 1552 1866 exterarum
1586 1826 1774 1878 gentium

208 1899 420 1936 missiones
444 1897 502 1936 ire
526 1898 710 1949 parabat,
736 1897 954 1948 repentino
988 1911 1087 1936 usus
1111 1897 1296 1944 consilio,
1322 1898 1515 1937 facultate
1540 1897 1771 1948 impetrata,

207 1982 297 2007 sese
330 1968 465 2007 eidem
497 1969 653 2008 itineris
692 1968 888 2007 comitem
922 1968 1051 2007 dedit.
1093 1969 1234 2019 Quum
1274 1968 1482 2008 Lutetiam
1521 1968 1772 2007 Parisiorum

203 2039 452 2085 devenisset,
498 2048 542 2079 ut
590 2039 741 2078 deinde
789 2054 810 2078 e
853 2039 1011 2079 Galliae
1056 2039 1263 2079 littoribus
1310 2040 1350 2078 in
1393 2048 1622 2078 extremam
1667 2039 1771 2078 Cali-

204 2111 381 2150 forniam
415 2120 582 2159 mearet,
617 2120 658 2150 et
680 2111 891 2150 silvestres
916 2111 1106 2150 homines
1130 2126 1153 2150 a
1175 2111 1262 2150 fero
1286 2112 1398 2151 cultu
1423 2111 1475 2150 ad
1505 2110 1771 2150 christianam

205 2182 506 2221 humanitatem
542 2183 788 2229 traduceret,
824 2182 974 2222 accidit
1007 2191 1063 2226 ut,
1099 2196 1183 2233 quo
1207 2183 1412 2227 studebat,
1439 2181 1660 2233 pervenire
1689 2195 1772 2220 non

205 2261 359 2304 posset.
396 2253 566 2304 Quippe
592 2253 859 2304 Praepositus
885 2253 1127 2292 Provinciae
1162 2253 1371 2299 Franciae,
1400 2261 1484 2292 tam
1524 2252 1774 2303 praestantis

203 2324 479 2363 adolescentis
512 2324 709 2363 virtutem
743 2324 983 2370 admiratus,
1018 2323 1271 2374 veritusque,
1312 2337 1375 2370 ne,
1412 2323 1445 2361 si
1479 2323 1646 2374 longius
1681 2323 1768 2370 iret,

206 2394 333 2440 brevi,
369 2396 423 2433 ob
457 2394 660 2433 infirmam
709 2395 1004 2441 valetudinem,
1039 2394 1358 2439 desideraretur,
1409 2408 1504 2432 eum
1538 2395 1644 2433 ultra
1679 2408 1773 2445 pro-

205 2465 325 2516 gredi
360 2465 574 2516 prohibuit
609 2468 686 2517 (3).

295 2536 464 2576 Interim
500 2536 731 2575 Lavallium
771 2537 907 2575 iussus
946 2536 1166 2588 proficisci,
1206 2550 1413 2575 sacrarum
1455 2535 1767 2587 disciplinarum

202 2608 452 2647 curriculum
486 2608 673 2647 confecit.
711 2608 807 2659 Quo
845 2608 1047 2654 confecto,
1085 2607 1282 2646 Namurci
1317 2607 1357 2645 in
1393 2607 1539 2659 Belgio
1585 2607 1767 2658 philoso-

205 2678 345 2729 phiam
389 2678 602 2717 biennium
644 2679 826 2722 tradidit,
877 2693 922 2718 ac
971 2679 1059 2730 pari
1102 2687 1290 2729 tempore
1332 2678 1491 2729 aliquot
1535 2691 1767 2728 europaeos

204 2763 417 2788 sermones
451 2749 675 2788 memoriae
709 2750 932 2789 mandavit.
969 2750 1046 2788 His
1080 2749 1119 2788 in
1153 2750 1323 2788 urbibus
1346 2750 1469 2788 talem
1493 2763 1536 2788 se
1559 2749 1761 2800 praebuit,

204 2829 249 2860 ut
281 2820 369 2859 eius
403 2820 614 2871 praesides
648 2820 785 2860 testati
810 2820 902 2866 sint,
929 2834 1083 2872 paucos
1107 2820 1204 2859 inibi
1229 2820 1397 2871 reperiri
1432 2820 1471 2858 in
1505 2819 1694 2859 doctrina
1723 2828 1763 2858 et

205 2891 358 2941 pietate
390 2905 483 2930 cum
517 2905 566 2930 eo
600 2891 886 2937 conferendos,
917 2891 1229 2930 anteferendum
1262 2893 1435 2929 tortasse
1459 2889 1679 2929 neminem.
1704 2890 1761 2928 At
