1926 3200
865 219 1096 257 -74-

196 311 385 362 pluribus
418 311 602 362 undique
635 311 991 358 concurrentibus,
1027 320 1068 351 et
1099 312 1296 351 feretrum
1326 313 1764 359 circumvenientibus,

196 381 461 429 Torniellius,
496 381 719 421 simulacro
742 382 921 429 detecto,
948 383 1099 429 Iesum,
1126 383 1206 422 Dei
1236 383 1400 431 Filium,
1435 384 1652 423 hominum
1675 385 1764 423 bar-

194 453 308 492 baria
340 467 507 492 caesum
541 453 729 505 flagellis,
764 454 910 505 spinea
942 468 1097 493 corona
1130 455 1373 501 obductum,
1409 455 1519 494 cruci
1553 456 1760 502 suffixum,

195 532 474 575 peremptum,
510 533 551 563 et
583 525 725 563 lancea
758 525 1035 563 transfossum
1069 525 1331 564 enunciabat.
1367 526 1494 564 Haud
1526 525 1643 565 facile
1676 540 1765 564 nar—

195 595 371 634 raverim
406 604 609 646 quantum
642 596 722 634 hoc
755 595 928 646 inopino
952 596 1191 647 spectaculo
1214 597 1469 636 adstantium
1493 597 1619 635 animi
1653 611 1762 636 com-

194 674 474 713 moverentur,
511 666 630 705 utin
668 667 871 705 clamores
919 676 960 705 et
1008 667 1185 706 eiulatus
1233 667 1458 706 multitudo
1506 677 1758 719 erumperet.

195 738 354 788 Itaque,
390 751 496 788 quos
516 737 555 775 in
574 737 701 776 sacris
720 737 1057 788 expeditionibus
1080 738 1332 777 Torniellius
1366 738 1578 778 uberiores
1601 738 1759 778 fructus

193 807 394 859 capiebat,
431 808 526 846 huic
559 808 824 859 potissimum
858 808 1034 848 consilio
1066 809 1218 848 referre
1251 817 1536 849 consueverat.

285 879 473 918 Eandem
507 880 602 918 Iesu
635 879 816 931 effigiem
850 894 979 930 quum
1014 880 1113 919 olim
1146 881 1199 920 ad
1231 881 1341 920 fores
1380 881 1547 920 aedium
1580 881 1763 920 hominis

193 949 509 1001 flagitiosissimi
542 965 588 989 ac
612 950 855 989 ferocissimi
886 951 1111 998 statuisset,
1137 952 1368 1003 eademque
1391 952 1516 991 verba
1549 952 1762 991 inclamari

193 1021 393 1067 iussisset,
429 1021 495 1060 hic
519 1030 702 1072 repente,
727 1021 918 1061 districto
942 1022 1096 1073 gladio,
1121 1023 1231 1062 foras
1265 1037 1308 1062 se
1341 1023 1560 1074 proripuit,
1596 1023 1636 1061 in
1666 1037 1761 1062 eum

192 1092 392 1131 acerrime
415 1092 794 1139 animadversurus,
820 1093 890 1144 qui
913 1094 966 1132 ad
988 1094 1139 1133 domus
1161 1108 1260 1133 suae
1283 1094 1407 1133 limen
1431 1094 1643 1133 hominem
1668 1108 1763 1133 con-

192 1163 314 1202 ficere
348 1177 472 1202 ausus
506 1172 626 1202 esset.
664 1164 929 1203 Percontanti
954 1178 1053 1203 vero
1078 1165 1269 1216 quisnam
1293 1165 1395 1204 tanti
1419 1165 1584 1204 sceleris
1617 1174 1763 1204 auctor

190 1234 347 1281 fuisset,
373 1235 637 1281 Torniellius,
673 1234 810 1286 effigie
843 1243 1009 1282 retecta,
1045 1236 1300 1287 brachioque
1334 1245 1524 1275 extenso:
1558 1250 1580 1275 «
1604 1237 1669 1275 Tu
1702 1250 1759 1283 es,

191 1305 338 1357 inquit,
375 1305 440 1344 ille
473 1306 536 1344 vir
573 1320 608 1345 ».
645 1306 739 1356 Qua
771 1319 874 1345 voce
908 1306 974 1345 ille
1006 1306 1237 1353 confestim,
1278 1307 1405 1345 veluti
1454 1307 1624 1346 fulmine
1672 1321 1761 1358 per-

190 1378 342 1423 culsus,
377 1377 635 1417 ferocitatem
669 1377 794 1424 exuit,
830 1391 970 1428 seque,
1006 1378 1133 1416 instar
1176 1378 1286 1429 agni,
1321 1377 1550 1417 Torniellio
1583 1378 1759 1417 docilem

191 1449 390 1488 exhibuit.

280 1520 445 1558 Avarus
469 1519 671 1570 temporis
694 1520 947 1566 aestimator,
974 1521 1131 1558 nullum
1155 1520 1282 1559 horae
1310 1520 1529 1558 articulum
1553 1520 1630 1558 sibi
1653 1520 1759 1558 elabi

189 1591 363 1637 sinebat,
413 1591 513 1642 quin
561 1591 640 1642 piis
688 1591 728 1629 in
777 1591 975 1642 operibus
1020 1592 1258 1630 insumeret.
1305 1591 1459 1630 Milites
1507 1591 1547 1630 in
1595 1591 1757 1630 stativis

189 1662 392 1713 degentes
426 1661 556 1700 divini
590 1662 705 1701 verbi
739 1663 893 1713 pabulo
916 1662 1145 1709 reficiebat;
1170 1662 1366 1714 aegrotis,
1391 1663 1456 1701 vel
1491 1662 1531 1701 in
1564 1662 1761 1701 domibus

190 1733 376 1785 privatis,
422 1734 487 1772 vel
526 1733 566 1772 in
605 1733 858 1772 nosocomiis
897 1733 1126 1772 iacentibus
1164 1733 1499 1785 frequentissime
1532 1733 1758 1780 assidebat;

189 1804 423 1843 carceribus
456 1804 660 1851 detentos,
702 1805 766 1843 vel
799 1805 1019 1843 damnatos
1057 1805 1110 1843 ad
1142 1819 1280 1843 remos
1324 1804 1541 1851 invisebat,
1586 1804 1760 1843 comiter

190 1875 498 1926 alloquebatur,
534 1883 574 1913 et
617 1889 701 1926 quo
745 1889 889 1914 eorum
934 1875 1095 1914 animos
1138 1875 1215 1914 sibi
1249 1875 1407 1914 facilius
1440 1876 1683 1922 demereret,
1719 1883 1759 1914 et

190 1945 479 1984 vehementius
512 1954 764 1993 concuteret,
790 1960 935 1985 eorum
959 1960 1002 1985 se
1025 1946 1180 1985 catenis
1204 1946 1422 1993 vinciebat,
1449 1946 1621 1997 perinde
1654 1960 1700 1984 ac
1724 1947 1756 1985 si

189 2016 317 2055 homo
351 2016 631 2067 nequissimus
655 2025 776 2064 esset,
801 2025 842 2056 et
865 2017 1030 2069 dignus,
1063 2017 1121 2056 uti
1145 2018 1293 2063 aiebat,
1324 2017 1395 2068 qui
1430 2017 1654 2056 inferorum
1678 2025 1758 2055 tor-

189 2087 349 2125 toribus
367 2087 610 2138 plectendus
629 2088 875 2126 traderetur.
897 2088 1117 2139 Profugos,
1142 2088 1333 2127 homines
1355 2088 1611 2138 desperatos,
1631 2096 1757 2138 atque

188 2158 240 2196 ad
273 2172 398 2197 omne
431 2159 544 2197 nefas
577 2159 875 2209 paratissimos,
912 2159 951 2197 in
976 2159 1162 2198 cavernis
1195 2167 1235 2198 et
1268 2159 1474 2198 montium
1507 2158 1685 2205 latebris,
1711 2173 1757 2197 ac

187 2229 385 2268 silvarum
419 2229 582 2277 abditis,
618 2230 746 2269 vitam
780 2230 943 2281 legibus
972 2231 1150 2270 solutam
1185 2231 1403 2282 agitantes,
1438 2229 1756 2281 diligentissime

188 2300 474 2351 conquirebat,
510 2302 831 2352 compluresque
864 2302 916 2340 ad
949 2302 1101 2340 bonam
1135 2302 1299 2353 frugem
1333 2301 1507 2340 reduxit.

279 2372 544 2423 Quamquam
579 2380 641 2411 tot
663 2372 875 2411 laboribus
899 2373 1079 2412 interdiu
1108 2387 1240 2424 paene
1264 2373 1529 2419 obruebatur,
1555 2381 1693 2411 tamen
1717 2380 1758 2411 et

189 2451 315 2481 noctu
349 2442 389 2481 in
423 2457 529 2494 opus
554 2443 831 2483 incumbebat.
857 2444 1096 2491 Enimvero,
1122 2451 1294 2496 rogatus
1318 2444 1415 2483 olim
1449 2445 1499 2482 ab
1532 2443 1686 2490 amicis,
1712 2453 1756 2483 ut

133 2565 141 2572 .
190 2513 230 2552 in
265 2528 393 2564 parva
426 2514 558 2552 insula
591 2515 746 2553 Sancto
780 2515 1003 2561 Antiocho,
1038 2516 1090 2554 ad
1124 2515 1240 2554 cuius
1274 2529 1367 2553 oras
1401 2529 1507 2561 eum,
1543 2515 1683 2554 dedita
1716 2529 1756 2554 o—

189 2598 300 2635 pera,
336 2593 457 2623 nocte
481 2585 561 2624 iam
586 2586 802 2632 subeunte,
828 2586 1158 2633 transduxerant‚
1184 2586 1427 2625 concionem
1451 2586 1579 2637 vulgo
1603 2587 1757 2625 habere

189 2655 324 2702 vellet,
360 2656 524 2694 tametsi
569 2657 722 2695 nullam
763 2657 817 2695 ibi
861 2657 1046 2704 domum,
1096 2658 1206 2695 nulla
1244 2657 1432 2707 mapalia,
1468 2665 1508 2695 et
1541 2657 1753 2696 hominem

188 2727 360 2773 nullum,
395 2736 560 2777 praeter
592 2728 801 2774 ductores,
836 2728 1205 2774 animadvertebat,
1236 2737 1374 2767 tamen
1407 2729 1617 2779 extemplo
1650 2728 1754 2767 coeli

188 2797 338 2843 stellas,
389 2797 526 2848 pelagi
576 2798 736 2845 fluctus,
786 2807 949 2837 montes
998 2799 1427 2850 superimpendentes,
1477 2806 1602 2849 atque
1649 2798 1754 2837 adeo

189 2876 354 2906 noctem
379 2868 511 2919 ipsam
536 2877 729 2908 contenta
752 2883 856 2908 voce
878 2871 1128 2920 compellare
1150 2869 1299 2920 coepit,
1325 2878 1365 2908 et
1398 2869 1566 2915 hortari,
1592 2877 1636 2907 ut
1661 2870 1756 2908 Deo
