1926 3200
867 224 1146 261 .—-32-

242 317 324 346 tum
350 313 571 355 prooemiis,
599 319 681 348 tum
719 315 1047 357 adnotationibus,
1087 328 1244 359 operam
1283 318 1443 352 contulit
1481 330 1569 354 curn
1610 322 1649 355 P.
1693 322 1810 357 Paulo

242 371 438 413 Beorchia,
455 372 504 406 de
517 373 656 416 quibus
675 374 712 408 in
728 374 840 408 huius
855 375 982 418 elogio
995 376 1210 418 loquemur.
1229 377 1303 411 Hic
1317 377 1419 411 enim
1437 389 1482 412 ea
1497 379 1533 412 in
1549 380 1672 414 lucem
1687 381 1807 416 dedit.

316 449 374 485 150
401 444 632 487 Hieronymi
662 446 951 488 Lagomarsz'nii
971 447 1178 480 Genuensis
1202 459 1222 481 e
1247 448 1331 482 Soc,
1360 449 1458 489 Iesu,
1493 450 1616 493 Opera
1642 451 1743 485 edila
1772 454 1811 486 et

242 504 395 537 inedita.
438 504 566 538 Editio
607 505 741 547 prima.
783 506 958 547 Genuae,
999 507 1100 549 typis
1143 507 1189 541 R.
1232 508 1261 542 Ι,
1303 508 1543 544 Surdo-mut.
1583 520 1807 545 MDCCCXLII

243 564 323 606 (pp.
351 573 462 601 xxm.
492 574 558 606 527
586 564 624 598 in
651 565 720 607 80).

314 622 415 656 Huic
440 623 599 657 editioni
627 624 881 658 Carminatius
902 625 1122 668 praeposuit
1137 626 1254 660 vitam
1270 627 1561 669 Lagomarsinii‚
1582 628 1629 661 ab
1655 629 1808 672 Angelo

242 682 433 716 Fabronio
446 688 675 723 enarratam,
686 689 723 717 et
735 684 880 727 aliquas
893 685 1099 718 subnexuit
1109 686 1476 727 animadversiones,
1489 688 1628 730 quibus
1639 699 1685 721 ea
1698 689 1807 722 casti-

237 741 355 784 gavit,
375 752 473 784 quae
494 742 721 784 Fabronius,
741 743 870 778 studio
888 744 1053 786 partium
1072 745 1268 788 abreptus,
1288 746 1414 779 minus
1441 752 1616 781 accurate
1631 749 1803 790 protulit.

314 815 372 846 16⁰
399 814 426 846 J
457 813 658 847 Sanluarii
692 813 734 847 di
768 814 916 848 Νόςίνα
955 815 1123 858 Signora
1162 817 1260 849 nella
1299 817 1476 860 Liguria.
1509 818 1736 852 Accademia
1768 819 1811 852 di

233 873 376 916 poesia,
409 874 474 906 che
500 873 646 915 offrono
673 875 714 906 al
736 874 914 907 Pubblico
935 875 1000 917 gli
1027 875 1179 908 Scolari
1203 875 1266 908 del
1288 876 1337 909 R.
1380 876 1545 919 Collegio
1571 888 1591 910 e
1621 878 1800 916 Convilto,

238 931 377 965 diretlo
404 932 469 965 dai
505 933 585 966 PF.
626 933 723 966 della
755 933 985 976 Compagm'a
1011 933 1052 967 dz'
1080 934 1190 972 Gest'c,
1223 934 1255 967 il
1279 945 1299 967 l
1324 935 1474 977 Agoslo
1512 937 1803 971 MDCCCXLJ.

238 991 413 1031 Genova,
440 991 642 1034 tipografia
671 992 867 1026 Ferrando
894 994 974 1036 (pp.
1006 1004 1047 1025 22
1076 992 1112 1026 in
1139 993 1208 1035 δ”).

313 1068 371 1104 170
403 1063 456 1096 Ob
483 1063 733 1096 Faustitatem
763 1064 942 1107 Coniugii
967 1064 1189 1107 Principum
1216 1064 1312 1098 NN.
1342 1064 1503 1098 Victorii
1526 1068 1564 1099 et
1587 1066 1798 1106 Adelaz'dz's,

238 1122 342 1155 fimli
365 1113 638 1168 Επιθοιλεὶμιοι
656 1125 694 1156 et
716 1113 1027 1169 Πῦλὺγλωσσοι.
1068 1124 1249 1164 Taurini,
1283 1125 1557 1168 Typographia
1596 1126 1802 1169 Hyacinthi

238 1181 418 1222 Marietti‚
448 1191 671 1215 MDCCCXLII
700 1183 780 1226 (pp.
809 1192 852 1224 42
881 1182 918 1216 in
946 1183 1014 1226 80).

306 1240 456 1275 Titulos
475 1241 627 1281 latinos,
647 1241 793 1275 italicos
812 1247 849 1275 et
867 1242 1075 1276 hellenicos
1094 1242 1348 1276 Carminatius
1367 1244 1615 1286 conscripsit;
1636 1245 1804 1288 reliquos

235 1300 316 1334 alii:
345 1311 480 1334 ornnes
507 1307 634 1335 tamen
663 1301 869 1344 scriptores
897 1313 944 1335 ex
970 1302 1165 1344 provincia
1192 1302 1401 1336 taurinensi
1427 1303 1515 1337 Soc.
1547 1304 1647 1338 Iesu.

310 1373 368 1405 18⁰
395 1373 434 1406 S.
473 1373 634 1406 leomoe
660 1372 864 1415 Aquinatzs
890 1372 1120 1416 theologicae
1153 1373 1330 1406 Snmvme
1355 1374 1624 1416 compendium,
1649 1377 1803 1409 (tractore

235 1431 279 1464 P.
310 1432 424 1464 Petro
450 1431 629 1474 Alagma
655 1432 694 1465 S.
722 1432 754 1465 I.
791 1432 963 1472 Taurini,
1003 1443 1049 1466 ex
1087 1432 1361 1475 Typographia
1397 1433 1663 1467 Ecclesiastica
1698 1435 1800 1477 Hya-

233 1490 351 1523 cinthi
381 1490 560 1524 Marietti.
588 1499 828 1524 MDCCCXLm
857 1492 937 1535 (pp.
966 1501 1035 1533 374
1062 1491 1099 1524 in
1126 1492 1218 1534 32⁰).

307 1550 409 1583 Huic
438 1550 671 1593 compendio
709 1550 964 1584 Cat-minatius
1003 1551 1226 1593 praeposuit
1265 1550 1432 1593 elogium
1471 1551 1685 1594 Alagonae.
1715 1553 1801 1587 Hoc

233 1620 321 1643 cum
348 1609 430 1643 aliis
456 1610 592 1651 tribus,
621 1621 642 1643 a
668 1609 902 1643 Carminatio
938 1610 1078 1653 pariter
1117 1610 1232 1643 latine
1271 1610 1468 1651 consectis,
1504 1611 1692 1653 Iosephus
1720 1612 1799 1645 Me-

233 1668 403 1702 landrius
442 1670 580 1703 iterum
618 1669 812 1711 evulgavit
850 1669 886 1702 in
927 1680 1043 1712 opere
1081 1669 1186 1712 quod
1223 1669 1378 1703 inferius
1417 1670 1703 1704 recensebimus
1730 1671 1801 1705 sub

233 1739 394 1762 numero
421 1736 481 1770 23⁴·
511 1730 559 1771 (6,
589 1738 622 1769 7,
652 1728 702 1771 9).

308 1807 366 1841 190
394 1800 508 1832 Della
535 1799 716 1833 Passione
741 1810 760 1833 e
786 1799 848 1832 del
871 1800 971 1832 culto
1001 1799 1063 1832 dez·
1086 1799 1198 1832 Santi
1233 1799 1397 1832 fllartiri
1433 1800 1622 1840 Solulore,
1650 1800 1797 1834 Avvcn-

234 1860 315 1892 tore
340 1858 388 1891 ed
416 1858 579 1892 Oltavio.
620 1858 908 1892 Dz'sscrlaz‘ione
946 1858 1007 1891 del
1042 1859 1087 1892 P.
1128 1859 1468 1892 Francescantom'o
1495 1859 1678 1892 Zaccaria
1702 1859 1801 1892 della

238 1918 468 1961 Compagnia
495 1918 536 1950 di
565 1919 674 1955 Geso,
707 1929 774 1951 con
796 1919 1020 1961 p7‘esoz‘z'o7ze
1045 1929 1064 1951 e
1090 1920 1175 1951 nofe
1193 1918 1256 1951 del
1270 1919 1315 1952 P.
1344 1918 1445 1951 [saia
1475 1917 1799 1951 Carminatidella

232 1977 431 2010 medesima
463 1977 707 2019 CompagniQ
751 1977 974 2020 Professore
1012 1977 1053 2010 di
1089 1979 1207 2010 Sacra
1238 1977 1431 2011 Scrillura
1458 1978 1521 2010 nel
1547 1977 1713 2020 Collegio
1739 1977 1800 2010 dei

231 2036 299 2069 SS.
332 2036 507 2070 Martiri.
549 2037 707 2076 Torino,
736 2036 797 2069 dai
837 2036 1014 2079 tipografi
1053 2036 1189 2070 editori
1217 2036 1390 2079 Speirani
1429 2047 1450 2069 e
1493 2036 1666 2076 Ferrero,
1709 2038 1798 2077 1844

232 2103 311 2138 (pp.
343 2097 409 2128 288
436 2095 472 2129 in
501 2096 568 2139 80).

303 2155 403 2188 Huic
420 2155 568 2197 opellae
588 2155 726 2188 multas
745 2166 787 2189 ac
807 2154 1018 2197 praeclaras
1037 2154 1277 2188 accessiones
1296 2155 1404 2193 fecit;
1425 2154 1605 2197 idemque
1623 2154 1794 2197 copioso,

229 2220 344 2257 atque
370 2215 630 2248 eruditissimo
656 2215 855 2258 prooemio
881 2215 1052 2249 donavit.
1088 2216 1287 2248 Praeterea
1325 2215 1557 2257 appendices
1592 2214 1735 2257 aliquot
1762 2214 1796 2248 ei

229 2274 380 2314 adiecit,
409 2285 508 2317 quae
535 2274 582 2307 ad
610 2274 807 2308 historiam
835 2279 1009 2316 spectant
1046 2274 1266 2308 Provinciae
1299 2272 1548 2307 Taurinensis
1574 2275 1661 2308 Soc.
1692 2274 1793 2307 Iesu.

302 2353 362 2378 20¹*
389 2346 416 2378 I
428 2345 551 2388 primi
573 2345 748 2378 elementi
771 2345 834 2378 del
855 2344 1008 2378 sistema
1034 2345 1075 2378 di
1099 2346 1151 2378 D.
1189 2345 1372 2378 Vincenzo
1395 2345 1575 2381 Giobertz',
1609 2344 1793 2387 dialogi}

229 2403 308 2436 :ati
320 2404 394 2445 fra
433 2404 490 2436 lm·
513 2414 532 2436 e
571 2415 619 2436 un
658 2404 793 2437 lellore
832 2403 1054 2445 dell’Opercz
1092 2414 1170 2441 sua,
1215 2403 1410 2439 scritlura,
1455 2404 1520 2436 clzc
1551 2406 1629 2446 pm)
1666 2403 1792 2436 valere

229 2463 437 2505 d'lsagoge
468 2467 543 2505 per
580 2463 876 2500 l'introduzz'one
915 2464 990 2495 allo
1027 2462 1152 2495 studio
1190 2462 1288 2496 della
1326 2462 1505 2504 Filosofia
1543 2463 1640 2496 dello
1677 2464 1794 2495 stesso

228 2523 310 2563 δίᾳ.
340 2522 495 2560 Abbafe,
527 2534 595 2556 con
617 2523 853 2565 prejfasione.
884 2522 1036 2565 Napoli,
1074 2522 1172 2555 dalla
1206 2521 1407 2564 tipografia
1438 2522 1474 2554 di
1512 2522 1661 2564 Filippo
1687 2522 1794 2555 Sera-

228 2582 290 2615 fini
322 2584 410 2624 1849
439 2584 518 2625 (pp.
547 2594 590 2623 92
618 2582 655 2615 in
683 2583 750 2622 δ”).

302 2641 402 2675 Huic
441 2641 561 2684 operi,
602 2642 710 2674 cuius
748 2647 881 2675 auctor
920 2641 989 2674 fuit
1029 2641 1068 2674 P.
1097 2640 1333 2683 Seraphinus
1367 2640 1479 2673 Sordi
1505 2640 1546 2673 S.
1577 2640 1622 2680 I.‚
1651 2638 1793 2672 Carmi-

228 2701 354 2734 natius
392 2700 702 2734 dissertationem
728 2700 933 2740 eruditam,
974 2700 1269 2742 compluresque
1307 2704 1418 2733 notas
1445 2699 1582 2733 adiecit
1609 2698 1795 2732 adversus

228 2770 367 2793 novam
395 2759 693 2802 philosophandi
720 2760 908 2793 rationem
927 2758 1118 2792 Vincentii
1138 2758 1341 2797 Giobertii,
1361 2769 1476 2800 quam
1503 2758 1711 2800 omnigeno
1737 2767 1792 2790 ar-

227 2823 499 2861 gumentorum
525 2818 697 2861 pondere
723 2823 781 2853 est
808 2818 1030 2852 insectatus.
1060 2818 1091 2851 E
1109 2817 1213 2851 libris
1232 2828 1252 2850 a
1272 2817 1519 2858 Carminafio,
1548 2817 1607 2850 vel
1626 2816 1789 2859 scriptis,

227 2877 286 2911 vel
313 2877 439 2917 editis,
467 2877 528 2911 hic
555 2878 622 2911 fuit
650 2877 895 2912 novissimus.
