1926 3200
823 210 1082 247 —125—

175 307 270 346 tatis
304 307 500 346 institutis
534 321 580 345 ac
613 306 788 356 legibus.
840 305 1047 356 huiusque
1096 305 1206 343 haud
1245 304 1494 353 degenerem
1530 303 1657 342 filium
1692 317 1734 342 se

174 379 390 429 praebens,
425 378 512 416 eius
546 378 661 421 sacta,
699 377 785 415 iura
819 390 864 415 ac
899 389 1050 414 nomen
1075 376 1196 426 plane
1220 375 1457 414 vindicavit.
1484 376 1571 414 Nec
1594 383 1734 413 tamen

174 448 330 488 interea
362 449 518 487 litteras
553 448 780 499 politiores,
807 461 909 498 quas
939 456 1143 497 perpetuo
1168 446 1207 484 in
1232 446 1361 485 oculis
1384 446 1489 491 tulit,
1516 446 1660 484 missas
1684 446 1737 484 fa-

173 534 265 558 cere
298 528 359 558 est
393 520 516 558 visus.
544 520 650 557 Nam
675 519 818 557 drama
843 518 1025 557 italicum
1049 518 1100 556 de
1124 517 1353 556 Vocatione
1377 517 1572 568 religiosa
1595 516 1735 556 Sancti

175 590 319 629 Aloisii
355 590 593 641 Gonzagae,
630 589 841 628 studiosae
866 588 1090 627 iuventutis
1115 588 1323 639 praestitis
1354 588 1551 634 tutelaris‚
1587 588 1733 633 soluta,

173 662 403 711 eademque
426 660 607 711 eleganti
632 659 819 698 oratione
846 659 1085 699 elaboravit.
1112 668 1151 697 et
1175 658 1286 709 typis
1310 659 1600 697 excudendum
1626 671 1736 696 com-

174 731 295 770 misit.
346 731 554 782 Epistolas
603 739 817 780 praeterea
867 729 980 768 Pauli
1020 729 1210 779 Segnerii
1246 729 1444 774 Senioris,
1473 738 1514 767 et
1549 727 1735 767 Danielis

174 802 339 841 Bartolii
374 801 413 839 in
446 801 578 839 lucem
603 799 800 850 prodidit.
827 800 884 838 Ut
917 813 1016 838 vero
1040 799 1227 849 linguam
1251 799 1420 838 latinam
1451 812 1582 850 paene
1614 799 1735 837 inter-

173 881 379 911 mortuam
397 871 656 913 excitaret,et
674 870 1007 909 adolescentibus
1021 870 1180 921 optima
1193 870 1245 909 ad
1264 870 1511 909 imitandum
1530 870 1734 920 exempla-

171 943 228 982 ria
250 950 515 993 proponeret,
552 941 751 979 nonnulla
786 941 980 983 Iuvencii,
1013 941 1235 985 Cordarae,
1263 941 1486 986 Parthenii,
1516 950 1557 980 et
1581 940 1734 992 Poggii

170 1013 369 1064 opuscula
402 1011 693 1050 venustissima
727 1011 880 1062 publici
905 1011 1004 1050 iuris
1027 1011 1123 1050 fecit
1147 1014 1224 1062 <,2)-
1251 1011 1414 1062 Quibus
1448 1011 1488 1049 in
1522 1011 1732 1062 operibus,

170 1098 253 1123 non
286 1083 488 1134 elegantis
513 1083 654 1128 modo,
690 1082 763 1121 sed
786 1082 909 1121 etiam
934 1082 1149 1133 diligentis
1173 1083 1386 1133 scriptoris
1414 1083 1579 1121 laudem
1603 1082 1732 1133 cepit;

170 1154 284 1205 quod
318 1153 511 1192 videlicet
544 1153 644 1191 nihil
669 1167 853 1204 unquam
889 1153 928 1191 in
962 1153 1146 1192 medium
1173 1153 1406 1204 protulerit,
1442 1153 1541 1204 quin
1576 1152 1736 1192 idoneis

169 1224 432 1263 documentis
466 1224 814 1275 comprobaverit.
852 1225 1008 1275 Itaque,
1044 1224 1114 1275 qui
1152 1224 1356 1263 tabulario
1400 1233 1566 1263 nostrae
1600 1223 1736 1262 Socie-

169 1295 264 1334 tatis
297 1303 391 1346 post
426 1295 606 1333 Boerum
640 1304 736 1333 sunt
770 1295 1010 1346 praepositi,
1045 1295 1191 1333 eadem
1216 1295 1331 1333 illum
1364 1294 1497 1340 laude,
1532 1308 1614 1345 qua
1646 1294 1735 1345 ipse

172 1366 388 1405 Danielem
414 1366 643 1405 Bartolium
667 1365 870 1409 affecerat,
897 1375 993 1405 sunt
1012 1366 1235 1417 prosecuti,
1256 1367 1370 1417 quod
1389 1379 1539 1416 nempe
1557 1374 1732 1417 uterque

171 1438 358 1476 eiusdem
378 1437 568 1476 tabularii
587 1437 828 1476 testimonio
847 1446 1051 1488 perpetuo
1066 1437 1321 1476 inniteretur.
1342 1439 1467 1476 Anno
1478 1448 1733 1476 MDCCCLXX

169 1508 358 1547 Concilio
391 1508 594 1547 Vaticano
628 1508 849 1546 universali
893 1507 1089 1554 interfuit,
1130 1508 1189 1547 uti
1223 1508 1447 1559 theologus
1483 1508 1526 1547 P.
1562 1507 1732 1546 Ioannis

172 1578 380 1628 Baptistae
415 1578 555 1629 Miege
588 1592 610 1616 e
643 1578 852 1617 Societate
887 1579 992 1622 Iesu,
1034 1579 1234 1630 Episcopi
1268 1579 1563 1618 Messeniensis
1596 1588 1637 1618 et
1669 1578 1737 1616 Vi-

168 1649 264 1687 carii
299 1648 534 1699 Apostolici
568 1649 620 1687 ad
655 1649 822 1688 Montes
856 1650 1053 1689 Saxosos.

259 1720 321 1758 Ex
354 1719 417 1758 his
450 1719 548 1758 satis
582 1733 789 1771 superque
822 1721 917 1759 licet
940 1720 1138 1772 cognosci
1162 1730 1363 1772 quantum
1398 1721 1438 1759 in
1472 1729 1639 1759 nostrae
1663 1720 1736 1759 So-

169 1791 329 1830 cietatis
362 1790 547 1836 historia,
584 1800 625 1830 et
648 1791 688 1829 in
714 1792 925 1842 republica
958 1792 1156 1831 litteraria
1188 1806 1234 1830 ac
1268 1792 1462 1843 religiosa
1495 1792 1737 1830 illustranda

171 1861 437 1900 insudaverit.
474 1861 587 1900 Nihil
611 1876 694 1900 non
722 1862 809 1913 egit
833 1876 1029 1913 unquam,
1055 1862 1346 1914 omnibusque,
1371 1877 1452 1914 qua
1474 1862 1611 1913 potuit
1634 1875 1735 1912 Ope,

168 1932 355 1971 subsidio
389 1932 476 1971 fuit.
514 1933 784 1983 Quapropter
822 1934 1043 1971 maximam
1077 1934 1189 1984 apud
1232 1934 1481 1984 omnigenos
1513 1933 1730 1972 hominum

167 2012 309 2042 coetus
344 2003 586 2054 opinionem
620 2004 833 2043 doctrinae
857 2018 903 2043 ac
926 2004 1090 2043 virtutis
1113 2005 1234 2055 cepit,
1261 2005 1533 2056 omniumque
1566 2003 1644 2043 sibi
1667 2005 1735 2042 be-

166 2074 444 2113 nevolentiam
477 2075 694 2113 demeruit.
726 2075 869 2125 Igitur,
911 2076 964 2114 ob
1002 2083 1064 2114 tot
1102 2084 1299 2126 tantaque
1329 2075 1494 2121 merita,
1535 2084 1576 2114 et
1615 2074 1730 2126 quod

169 2145 336 2195 insuper
360 2144 541 2183 Instituti
566 2145 696 2183 nostri
720 2145 994 2196 peritissimus
1018 2159 1149 2196 aeque
1172 2160 1218 2184 ac
1241 2146 1576 2185 servantissimus
1607 2152 1729 2189 esset,

172 2216 213 2254 P.
251 2216 396 2254 Petrus
448 2216 598 2261 Beckx,
651 2216 823 2255 Ordinis
872 2216 1001 2255 nostri
1034 2217 1304 2268 Praepositus
1338 2217 1565 2259 Generalis,
1600 2216 1732 2254 vicem

169 2286 359 2331 reddens,
395 2300 490 2325 eum
525 2286 601 2324 sibi
635 2286 865 2325 adsciscere
888 2288 1087 2327 decrevit.
1118 2288 1263 2339 Itaque
1298 2289 1454 2326 Boerus
1486 2289 1537 2326 ab
1570 2301 1619 2325 eo
1651 2288 1735 2326 Ad-

166 2359 311 2395 sistens
345 2357 487 2396 Italiae
520 2366 581 2396 est
605 2366 779 2396 creatus.
807 2359 900 2396 Hoc
924 2372 1107 2413 munere,
1135 2359 1248 2409 quod
1276 2372 1517 2409 supremum
1550 2358 1731 2409 attingit,

164 2427 216 2466 ad
249 2428 393 2467 decem
427 2442 557 2467 annos
591 2428 876 2467 sollertissime
911 2438 972 2467 est
997 2429 1251 2480 perfunctus,
1277 2444 1335 2475 ac,
1361 2443 1442 2468 non
1476 2430 1607 2468 multo
1630 2437 1726 2479 post

165 2506 364 2549 tempore.
415 2499 523 2537 diem
573 2499 675 2538 obiit
724 2500 896 2540 Romae.
948 2500 1093 2539 aetatis
1127 2514 1237 2538 anno
1271 2500 1583 2551 septuagesimo
1627 2513 1726 2538 non-

168 2568 267 2606 dum
301 2577 445 2608 exacto
471 2570 549 2617 (3).

850 2742 1116 2755 aeaeaeaeaeaeaeaeaeaeaeaeae
