1926 3200
206 378 418 423 solvenda,
468 378 582 429 quod
624 386 707 416 tam
742 378 936 416 acerbum
985 376 1172 428 corporis
1221 375 1533 415 incommodum
1569 375 1610 413 in
1644 375 1771 413 animi

205 449 374 493 bonum,
410 463 534 500 quem
584 448 688 487 mira
734 448 954 487 dulcedine
1002 447 1225 499 perfundit,
1278 461 1353 498 pro
1402 460 1476 484 sua
1508 445 1769 491 liberalitate,

205 519 411 558 convertit
449 534 470 557 »
508 520 614 569 (12).
666 519 931 569 Quamquam
981 518 1129 557 eodem
1174 518 1322 556 morbo
1361 516 1684 567 impediebatur,
1721 530 1771 554 ne

205 591 257 629 ad
289 590 580 637 sacerdotium,
620 590 736 629 cuius
774 590 982 629 desiderio
1025 589 1204 628 maxime
1247 589 1461 640 flagrabat,
1512 588 1768 633 eveheretur,

206 670 357 708 tamen,
392 661 527 713 digito
565 662 709 700 oculos
748 661 945 707 indicans,
985 660 1103 699 hilari
1142 661 1258 699 vultu
1297 659 1500 699 tironibus
1539 659 1677 697 dicere
1710 672 1772 697 so-

207 733 335 772 lebat:
379 747 401 771 «
441 732 647 783 Equidem
681 732 773 771 talis
806 746 897 771 esse
929 732 1090 777 vellem,
1126 732 1270 782 quales
1303 744 1377 769 vos
1411 730 1522 769 estis.
1557 730 1615 768 At
1659 729 1771 767 enim

206 802 413 842 officinam
447 803 574 842 clausi
596 818 616 839 ›>
640 805 747 853 (13).

294 875 420 913 Anno
439 886 683 914 MDCCCXIX
702 874 996 920 circumeunte,
1026 888 1154 924 quum
1179 872 1297 924 gravi
1320 873 1468 911 morbo
1487 872 1769 917 decumberet,

204 954 245 985 et
281 960 394 985 mors
430 946 510 984 iam
545 946 585 984 in
618 946 776 985 foribus
809 946 985 991 adesset,
1036 944 1113 983 tria
1161 944 1374 995 religionis
1423 953 1520 982 vota
1553 942 1769 993 simplicia,

205 1031 312 1069 quae
346 1017 503 1063 Nostri,
538 1017 730 1056 tirocinio
774 1017 939 1068 pietatis
973 1016 1124 1068 posito,
1160 1016 1349 1054 emittere
1396 1016 1543 1061 solent,
1580 1028 1771 1065 quaeque

205 1088 365 1127 dudum
398 1097 439 1127 et
472 1088 561 1139 ipse
593 1088 798 1135 emiserat,
825 1088 973 1127 iterum
998 1087 1265 1137 nuncupavit.
1292 1086 1456 1137 Corpus
1486 1100 1620 1132 suum,
1646 1085 1770 1123 nullis

206 1159 354 1198 illitum
388 1159 628 1211 unguentis,
674 1168 715 1198 et
752 1173 799 1198 ea
831 1167 946 1197 veste
990 1158 1196 1203 indutum,
1238 1171 1319 1208 qua
1352 1166 1517 1196 nostrae
1550 1155 1771 1195 Societatis

205 1230 360 1268 alumni
393 1229 453 1268 uti
476 1243 742 1275 consuevere,
769 1243 979 1280 quamque
1003 1229 1091 1280 ipse
1120 1227 1235 1267 domi
1270 1228 1376 1267 inter
1408 1236 1574 1266 nostros
1608 1227 1771 1266 sodales

205 1315 410 1352 usurpare
442 1301 589 1340 solitus
622 1309 722 1347 erat,
758 1300 963 1338 inhumari
998 1300 1128 1339 iussit.
1166 1299 1359 1350 Denique
1394 1300 1543 1345 Deum,
1584 1298 1649 1337 cui
1683 1311 1772 1349 per-

204 1381 332 1424 petuo
355 1372 597 1418 inhiaverat,
622 1371 741 1411 unice
764 1380 969 1423 spectans,
994 1370 1267 1410 eucharistica
1289 1371 1397 1421 dape
1421 1370 1610 1414 refectus,
1636 1369 1771 1420 pridie

205 1457 336 1482 nonas
369 1444 575 1490 octobres,
611 1457 788 1494 regnum
822 1443 1010 1489 caeleste,
1045 1442 1161 1481 cuius
1205 1441 1378 1492 parandi
1423 1441 1569 1492 gratia,
1605 1448 1771 1479 terreno

205 1528 248 1553 se
282 1514 577 1565 expoliaverat,
613 1522 674 1553 est
707 1514 897 1565 adeptus.

294 1585 395 1624 Eius
429 1585 618 1632 cadaver,
653 1599 701 1624 ea
733 1593 848 1624 veste
890 1592 1140 1630 contectum,
1181 1597 1305 1635 quam
1341 1583 1429 1634 ipse
1462 1581 1768 1633 praestituerat,

206 1657 245 1695 in
279 1657 408 1696 domo
441 1657 483 1696 S.
519 1656 725 1703 Andreae,
760 1656 800 1694 in
833 1656 985 1695 feretro
1028 1663 1216 1702 stratum,
1263 1654 1399 1705 palam
1444 1653 1638 1693 omnibus
1677 1666 1772 1704 pro-

204 1728 353 1767 stabat.
390 1728 517 1778 Quod
551 1741 645 1766 eum
678 1727 826 1773 cuncti,
852 1727 911 1766 uti
935 1727 1070 1765 virum
1094 1735 1297 1772 sanctum,
1333 1739 1379 1764 ac
1414 1726 1506 1764 Deo
1539 1738 1680 1763 carum
1704 1724 1773 1762 ha-

203 1799 391 1845 buerant,
427 1799 581 1838 idcirco
619 1798 707 1837 eius
745 1812 893 1837 manus
930 1798 1144 1849 pedesque
1183 1795 1359 1836 osculari
1393 1796 1581 1835 certatim
1615 1795 1771 1834 adnite-

204 1871 367 1916 bantur,
401 1870 575 1921 eiusque
598 1870 741 1908 laudes
765 1883 848 1908 uno
871 1883 942 1908 ore
965 1868 1191 1908 efferebant
1215 1870 1322 1919 (14).
1364 1867 1550 1906 Subinde
1579 1867 1768 1913 cadaver,

203 1949 297 1981 arc'a
330 1942 548 1988 inclusum,
599 1941 639 1979 in
672 1941 817 1980 aedem
865 1940 1161 1991 cognominem
1210 1939 1454 1978 translatum
1499 1946 1572 1983 est,
1615 1937 1768 1988 ibique,

205 2027 288 2051 non
320 2012 401 2051 ritu
435 2011 660 2057 communi,
685 2020 730 2050 ut
753 2011 842 2062 ipse
870 2019 1122 2050 testamento
1145 2010 1426 2054 mandaverat,
1453 2008 1560 2047 iusta
1582 2008 1771 2046 funebria

204 2092 301 2123 sunt
334 2083 559 2135 persoluta,
594 2083 668 2121 sed
701 2096 858 2134 pompa
896 2081 1023 2133 regia,
1069 2081 1249 2120 maxima
1290 2079 1405 2131 vulgi
1448 2079 1693 2130 frequentia,
1730 2086 1770 2117 et

205 2169 439 2206 procerum,
474 2162 563 2193 tum
597 2153 707 2200 cleri,
742 2162 831 2193 tum
864 2153 1009 2204 populi
1039 2167 1193 2192 corona
1225 2151 1404 2203 plurima
1436 2151 1638 2189 adstante.
1664 2150 1771 2188 Con-

204 2226 316 2265 ditus
350 2234 412 2265 est
445 2239 517 2264 rex
550 2225 695 2264 eadem
720 2225 760 2263 in
784 2224 898 2271 aede,
924 2224 1064 2275 ibique
1087 2223 1314 2262 etiamnum
1337 2236 1431 2261 cum
1464 2221 1618 2260 nostris
1651 2221 1770 2259 soda-

205 2297 312 2336 libus
336 2296 669 2348 quampluribus,
695 2295 782 2335 voti
805 2309 992 2346 compos,
1028 2295 1191 2333 beatam
1225 2293 1448 2332 anastasim
1476 2292 1768 2343 praestolatur.

205 2368 381 2407 Carolus
431 2367 561 2413 Felix,
611 2367 699 2405 eius
732 2367 857 2405 frater
890 2374 989 2405 natu
1022 2365 1170 2411 minor,
1206 2364 1276 2415 qui
1324 2363 1555 2402 Victorium
1606 2363 1770 2400 Emma-

205 2439 369 2478 nuelem
404 2439 420 2476 I
455 2438 495 2476 in
529 2438 647 2489 regni
681 2437 1041 2476 administratione
1082 2443 1314 2486 exceperat,
1359 2447 1640 2472 marmoreum
1685 2446 1771 2471 mo-

205 2518 464 2556 numentum,
499 2510 550 2548 ab
583 2508 739 2548 artifice
772 2508 1005 2559 subalpino,
1035 2507 1099 2546 cui
1133 2520 1286 2545 nomen
1320 2506 1457 2551 Festa,
1492 2504 1768 2554 exsculptum,

204 2582 240 2620 ei
273 2581 430 2627 statuit,
466 2581 587 2620 titulo
620 2579 1041 2619 honorificentissimo
1065 2578 1266 2624 adhibito,
1291 2577 1332 2615 in
1366 2590 1449 2628 quo
1483 2575 1613 2614 nihilo
1636 2573 1771 2613 secius

205 2653 257 2691 de
290 2652 378 2691 eius
426 2652 593 2703 pietatis
640 2651 867 2703 praecipuo
914 2649 1156 2690 testimonio
1189 2657 1230 2688 et
1262 2655 1520 2693 ornamento,
1571 2646 1622 2684 de
1661 2644 1771 2684 votis

205 2723 361 2762 scilicet
393 2723 620 2774 religionis,
655 2722 808 2774 quibus
830 2729 997 2761 nostrae
1026 2719 1225 2760 Societati
1249 2719 1377 2758 semel
1399 2726 1524 2769 atque
1554 2717 1703 2756 iterum
1727 2728 1772 2754 se

203 2794 494 2840 obstrinxerat,
530 2794 641 2832 nulla
675 2794 832 2833 mentio
864 2793 972 2832 facta
1005 2801 1068 2831 est
1102 2794 1210 2842 (15).

295 2865 402 2904 Sunt
435 2865 518 2916 qui,
553 2878 647 2903 cum
676 2865 710 2915 J.
746 2863 1090 2914 Cre'tineau-Joly,
1116 2861 1383 2900 historiarum
1407 2859 1610 2909 scriptore
1643 2857 1768 2908 gallo,

205 2935 246 2974 id
279 2937 425 2987 culpae
458 2935 657 2975 verterint
689 2934 945 2974 administris
983 2933 1159 2973 Victorii
1195 2930 1478 2971 Emmanuelis
1514 2930 1529 2967 Ι
1569 2930 1677 2979 (16).
1713 2927 1771 2965 At
