1926 3200
924 221 1153 258 -30—

649 730 839 772 OPERA
881 733 1049 772 EDITA
1091 734 1159 773 ET
1201 734 1425 775 INEDITA

329 995 364 1021 1⁰
391 987 725 1021 Excellentissimi
747 988 1010 1022 Illustrissz'mi
1038 989 1098 1022 Ac
1124 989 1446 1024 Revereudissimi
1478 990 1639 1024 Domini
1662 990 1822 1024 Domini

253 1046 409 1080 Ioannis
435 1047 632 1080 lVorouicz
652 1047 732 1081 Dei
754 1047 1003 1081 Miseratz'one
1020 1049 1075 1081 Et
1089 1048 1330 1092 Apostolicae
1353 1049 1460 1083 Sedis
1482 1049 1618 1083 Gratia
1643 1050 1823 1093 Episcopi

259 1106 517 1140 Cracozsiensis
554 1107 638 1140 Nec
663 1107 753 1140 ‚Nou
779 1107 1061 1151 Augustissimi
1084 1108 1243 1142 Rossiae
1279 1109 1530 1152 Imperatoris
1554 1109 1615 1142 Ac
1640 1109 1821 1143 Poloniae

254 1165 376 1209 Regis
393 1165 621 1199 Alexandri
643 1167 671 1200 I
689 1166 824 1199 Intimi
840 1167 971 1200 Status
993 1167 1212 1201 Consiliarii
1226 1168 1287 1201 Ac
1309 1168 1493 1202 Ordiuum
1519 1168 1683 1211 Aquilae
1699 1168 1820 1202 Albae

255 1226 310 1258 Et
333 1226 373 1259 S.
402 1225 589 1259 Stanislai
615 1226 768 1268 Equitis
792 1226 956 1260 ,Nomini
971 1227 1089 1260 Sacer
1113 1227 1209 1261 Dies
1231 1228 1462 1262 Celebratur.
1489 1227 1639 1271 Elegia.
1660 1228 1820 1268 Romae,

256 1294 496 1319 MDcccxvn.
524 1285 643 1328 Apud
671 1286 917 1320 Franciscum
945 1287 1095 1320 Bourlie
1123 1290 1225 1331 (pag.
1254 1288 1349 1321 VIII
1377 1287 1414 1321 in
1441 1288 1509 1331 80).

326 1344 518 1387 Iosephus
554 1344 789 1379 Melandrius
824 1345 905 1379 iure
938 1350 1069 1379 censet
1104 1346 1206 1380 hunc
1235 1346 1402 1387 titulum,
1430 1351 1468 1380 et
1493 1350 1604 1380 notas
1631 1346 1818 1389 quasdam

253 1403 402 1446 elegiae
428 1403 633 1445 subiectas,
663 1415 737 1438 non
764 1415 851 1439 esse
877 1405 1110 1440 Carminatio
1135 1405 1421 1439 adscribendas.

328 1481 365 1508 20
392 1475 459 1508 Ad
482 1475 724 1518 Alphonsum
750 1476 984 1509 Rodericum
1009 1477 1092 1511 Soc.
1124 1477 1210 1510 Iesu
1247 1476 1336 1510 Sod.
1364 1476 1499 1510 Adiut.
1528 1476 1565 1509 A
1592 1476 1717 1510 Rebus
1742 1477 1821 1510 Do-

254 1534 419 1568 mesticz‘s
461 1535 638 1568 Caelitem
676 1536 850 1568 Beatum.
892 1535 1043 1579 Elegia.
1082 1535 1260 1580 (Videtur
1297 1535 1484 1579 impressa
1521 1546 1607 1569 esse
1634 1535 1819 1577 Mutinae,

254 1604 356 1628 anno
382 1594 634 1637 MDcccxxv).

325 1670 364 1706 30
399 1665 435 1698 T
432 1666 545 1703 lzeses,
582 1666 685 1707 Quas
709 1666 780 1699 Ex
813 1665 997 1699 Universa
1014 1665 1257 1708 Philosophia
1280 1666 1415 1699 Coram
1433 1665 1768 1699 Excellentissimo
1785 1667 1823 1699 et

255 1724 503 1757 Nobilissimo
530 1725 543 1757 l
550 1724 620 1758 'iro
638 1725 675 1758 A
681 1725 789 1758 loisio
808 1725 992 1768 Raugom·
1007 1726 1156 1758 stlarclz.
1177 1726 1376 1767 Praefecto
1394 1725 1560 1758 Publicis
1577 1725 1723 1759 Studiis
1738 1725 1820 1759 Mo-

254 1783 433 1817 derandis
459 1784 766 1827 Propuguaudas
791 1784 1009 1827 Suscipiunt
1025 1785 1200 1827 Angelus
1230 1784 1436 1818 Camurani
1463 1785 1516 1818 Cl.
1545 1785 1593 1818 E.
1621 1785 1733 1822 Sem„
1765 1784 1819 1817 A-

253 1843 385 1876 loisius
414 1843 547 1881 Clziesi‚
580 1844 749 1887 Prosper
774 1845 854 1877 Del
876 1844 950 1877 Rio
981 1844 1034 1877 Cl.
1064 1845 1232 1887 Prosper
1256 1845 1336 1877 Del
1358 1843 1433 1877 Rio
1458 1843 1668 1877 Auditores
1692 1844 1819 1877 Pailo-

253 1902 407 1945 sophiae
432 1902 552 1945 Apud
580 1903 791 1946 Collegium
828 1903 911 1936 Soc.
952 1903 1051 1937 Iesu.
1091 1903 1211 1946 Regii
1234 1903 1272 1936 in
1298 1902 1478 1936 Aemilia.
1507 1923 1550 1927 —
1579 1903 1635 1936 Ex
1661 1903 1822 1936 Officina

258 1962 358 1995 Petri
378 1962 613 2003 Fiaccadori,
634 1963 883 2006 Typographi
904 1963 1119 1996 Parmensis
1134 1968 1172 1996 et
1187 1962 1389 2005 Regiensis
1403 1973 1504 1996 anno
1522 1971 1819 1996 MDcccxxvnn.

254 2022 335 2065 (pp.
364 2023 423 2062 46,
452 2021 520 2062 8⁴¹).
551 2021 743 2065 (Plurimis
769 2022 920 2055 libellus
947 2026 1066 2055 scatet
1093 2021 1256 2062 mendis,
1285 2021 1429 2055 incuria
1453 2021 1706 2064 typothetae).

327 2081 410 2113 Has
436 2081 600 2122 Theses,
628 2092 724 2123 quas
750 2080 986 2124 Seraphinus
1013 2080 1173 2115 Sordius
1198 2080 1499 2123 propugnandas
1517 2079 1701 2120 exhibuit,
1730 2080 1818 2113 Car-

255 2139 437 2173 minatius
452 2139 617 2182 eleganti
634 2140 820 2173 latinitate
838 2140 1009 2180 donavit,
1030 2140 1163 2174 doctas
1182 2139 1318 2173 iisdem
1336 2139 1597 2173 enarrationes
1612 2139 1820 2179 subtexuit,

253 2205 291 2232 et
312 2199 607 2241 Inscriptionem
634 2199 822 2242 praefixit,
850 2210 926 2242 qua
951 2199 1100 2233 libellus
1126 2204 1163 2232 et
1189 2198 1400 2242 disputatio
1428 2198 1576 2240 Mariae¹
1595 2198 1759 2232 Sanctae
1782 2203 1821 2231 et

251 2257 402 2292 Aloisio
428 2259 636 2301 Gonzagae
661 2257 850 2292 dicantur.

324 2334 363 2370 40
391 2329 537 2372 Aesopi
562 2329 731 2373 Phrygis
756 2329 930 2363 Fabellae
954 2330 1141 2367 XXXVI,
1173 2329 1312 2362 additis
1329 2329 1459 2362 XIIII
1474 2339 1527 2362 ex
1552 2329 1671 2362 variis
1695 2331 1818 2362 aucto-

253 2388 372 2422 ribus.
400 2388 573 2429 Taurini,
601 2389 722 2432 Typis
750 2389 958 2432 Hyacinthi
986 2389 1152 2423 Marietti
1177 2397 1443 2422 MDCCCXXXVI
1472 2390 1574 2432 (pag.
1603 2390 1661 2429 48,
1690 2388 1757 2431 8⁰).

324 2447 388 2481 Ad
414 2447 558 2481 calcem
584 2447 701 2481 libelli
728 2448 866 2481 scitum
892 2448 1060 2491 elogium
1086 2447 1317 2491 typographi
1344 2446 1598 2480 Carminatius
1625 2447 1818 2490 apposuit,

251 2519 339 2542 cum
365 2509 533 2542 carmine
559 2508 736 2549 iambico,
764 2508 813 2542 de
839 2508 1013 2542 eiusdem
1038 2507 1205 2542 sollertia
1232 2507 1268 2540 in
1293 2507 1398 2540 libris
1415 2506 1562 2549 graecis
1588 2506 1761 2541 edendis.

329 2586 367 2620 5⁴³
394 2579 670 2612 IVomenclator
707 2578 927 2622 Aesopiam,
971 2589 1035 2612 seu
1072 2578 1245 2612 Lea‘icon
1275 2581 1441 2620 parvum
1475 2577 1706 2610 Fabularum
1731 2578 1813 2615 LX,

250 2640 327 2679 pro
354 2635 540 2668 tironibus
569 2635 703 2679 (Loco,
731 2635 984 2678 typographo,
1016 2640 1053 2668 et
1080 2645 1181 2669 anno
1208 2639 1248 2668 ut
1274 2645 1403 2677 Supra,
1431 2645 1496 2677 pp.
1525 2636 1583 2674 68,
1612 2634 1680 2675 80).

328 2694 370 2728 In
386 2694 456 2728 hac
471 2694 602 2737 opella
618 2699 676 2728 est
691 2695 880 2728 monitum
899 2694 1133 2734 Carminatii,
1149 2694 1344 2736 eleganter
1358 2697 1398 2726 ut
1412 2698 1538 2727 cetera
1552 2693 1818 2736 perscriptum,

254 2753 303 2786 de
331 2764 402 2786 usu
432 2753 575 2793 Lexici,
605 2759 642 2786 et
669 2753 717 2786 de
745 2753 892 2787 ratione
918 2764 1125 2796 puerorum
1143 2752 1312 2795 linguam
1338 2763 1514 2794 graecam
1541 2751 1817 2786 docendorum.

329 2825 367 2856 6¹·
393 2823 694 2866 Epigrammata
717 2824 871 2857 Centum
895 2834 948 2857 ex
973 2823 1207 2866 Antlzologia
1231 2824 1464 2857 Graecorum
1493 2823 1626 2855 selecta
1652 2821 1819 2855 metricis

254 2882 629 2925 inteipretationibus
642 2882 828 2923 subiectis,
844 2883 1015 2922 Taurini,
1034 2884 1089 2926 (ut
1103 2882 1232 2925 supra)
1248 2890 1528 2915 MDCCCXXXVH
1542 2882 1620 2925 (pp.
1635 2882 1679 2913 So
1694 2880 1730 2913 in
1745 2880 1813 2923 80).
