1926 3200
201 359 373 397 nitatem
408 359 637 401 enarrabat,
672 357 1044 408 praedicabatque3
1080 365 1224 406 utpote
1253 370 1358 407 quae
1383 365 1496 394 tanta
1529 355 1593 398 sit,
1630 364 1673 394 ut
1697 368 1763 393 ne-

196 429 353 467 minem
388 442 527 470 unum,
563 429 627 467 vel
652 427 1036 478 flagitiosissimum,
1062 441 1084 464 a
1108 440 1151 464 se
1175 427 1356 477 repellat,
1382 435 1421 464 et
1446 425 1577 464 cuivis
1603 425 1762 464 homini

200 499 241 538 in
274 514 333 545 ea,
369 500 481 538 nullo
515 513 597 538 non
621 508 822 550 tempore,
858 512 953 549 spes
986 497 1129 536 salutis
1163 497 1374 536 consistat.
1402 498 1546 548 Itaque
1576 496 1765 535 omnium

201 571 436 610 voluntates
469 570 522 609 ad
554 569 771 609 arbitrium
796 569 998 607 flectebat.
1024 569 1131 606 Tum
1166 581 1266 606 vero
1300 568 1467 618 templa,
1494 568 1665 618 plateae,
1702 567 1766 605 vel

192 642 322 681 *etiam
366 643 514 683 colles.
561 641 775 691 vallesque
818 639 1045 689 gemitibus
1088 653 1134 677 ac
1178 638 1433 687 sing-ultibus
1472 638 1765 688 personabant.

201 714 452 764 Complures
485 721 629 764 pectus
663 711 940 751 decutiebant.
975 711 1157 748 divinam
1192 709 1451 748 clementiam
1476 709 1764 754 inclamabant,

199 793 241 823 et
274 798 317 822 se
351 784 391 822 in
425 792 640 834 posterum
674 797 696 820 a
729 781 861 832 culpis
895 790 1202 831 temperaturos
1226 780 1355 830 vulgo
1390 780 1705 830 profitebantur.

291 853 374 904 Qui
407 853 584 891 subinde
607 852 659 890 ad
694 852 899 889 Francum
924 851 1190 894 accedebant,
1217 859 1261 888 ut
1283 864 1357 888 sua
1385 850 1562 900 quisque
1585 849 1767 887 admissa

201 925 397 977 privatim
430 926 669 967 faterentur,
706 924 782 962 hos
816 923 925 961 idem
965 923 1114 960 blande
1157 921 1405 972 appellabat,
1441 929 1481 960 et
1515 920 1687 971 perinde
1720 934 1766 958 ac

200 1006 319 1048 pater
351 997 470 1037 filios.
506 1009 668 1034 summa
692 993 983 1032 benevolentia
1005 993 1372 1044 complectebatur,
1399 993 1575 1042 Deoque
1599 991 1765 1042 penitus

201 1066 460 1106 conciliabat.
511 1065 578 1104 Ad
629 1066 707 1104 hoc
755 1065 872 1115 plura
920 1064 1139 1102 tribunalia
1187 1063 1320 1114 culpis
1368 1062 1608 1103 abluendis,
1654 1061 1763 1100 diem

202 1145 453 1187 noctemque
485 1144 629 1186 aperta
662 1135 919 1186 prostabant,
945 1142 989 1172 ut
1014 1134 1124 1171 haud
1148 1147 1240 1171 raro
1263 1133 1366 1171 sacri
1400 1132 1644 1177 administri,
1680 1146 1764 1183 quo

200 1208 424 1258 unicuique
458 1215 624 1257 praesto
658 1214 808 1245 essent.
844 1205 954 1243 diem
989 1204 1113 1246 nocti,
1145 1212 1394 1254 noctemque
1427 1203 1509 1241 diei
1542 1203 1766 1253 coniunge-

197 1287 304 1317 rent.
341 1279 435 1328 Qua
467 1278 519 1315 de
552 1290 675 1315 causa
709 1276 820 1314 haud
843 1275 958 1313 facile
982 1274 1235 1313 narraverim
1260 1283 1362 1324 quot
1386 1274 1574 1311 laborum
1609 1273 1765 1311 fructus

204 1350 401 1393 Francus,
436 1347 609 1398 eiusque
643 1346 743 1385 socii
767 1345 995 1384 retulerint.
1023 1346 1193 1383 Mutuae
1217 1344 1481 1386 offensiones,
1517 1353 1642 1394 atque
1672 1343 1767 1381 odia

201 1419 405 1470 capitalia,
431 1418 582 1469 quibus
605 1418 841 1468 complures
865 1416 1133 1457 dissidebant,
1155 1415 1349 1454 radicitus
1369 1423 1464 1454 sunt
1482 1415 1636 1457 evulsa,
1663 1415 1767 1452 male

200 1499 320 1542 parta
353 1491 552 1532 restituta,
589 1488 796 1527 connubia
830 1488 905 1526 rite
929 1488 1147 1528 celebrata,
1173 1486 1270 1525 boni
1302 1500 1439 1524 mores
1474 1485 1702 1527 instaurati,
1728 1494 1768 1523 et

199 1562 332 1613 pietas
365 1560 519 1611 ubique
553 1560 816 1598 reflorescere
859 1568 921 1597 est
965 1558 1066 1597 visa.
1112 1559 1220 1596 Nam
1251 1559 1449 1603 Francus,
1496 1565 1661 1607 praeter
1694 1570 1766 1594 eos

195 1646 306 1684 -quos
343 1631 777 1675 commemoravimus,
818 1631 980 1668 labores
1023 1630 1138 1673 alios,
1178 1629 1434 1679 eosdemque
1479 1628 1764 1679 gravissimos,

199 1703 417 1741 obeundos
435 1710 686 1752 susceperat,
707 1714 791 1751 quo
818 1700 965 1738 Rbetis
988 1700 1040 1738 ad
1063 1708 1245 1738 veterem
1270 1699 1467 1750 pietatem
1493 1699 1763 1743 retinendam,

199 1775 263 1813 vel
288 1774 579 1818 revocandam,
601 1772 746 1810 maiori
765 1781 875 1810 esset
893 1771 1093 1809 subsidio.
1116 1770 1284 1821 Quippe
1302 1771 1355 1808 ad
1374 1779 1513 1820 patres
1528 1778 1765 1819 matresque

200 1845 388 1887 familias,
423 1844 475 1882 ad
509 1843 745 1893 magistros,
780 1842 831 1880 ad
864 1842 1104 1892 discipulos,
1154 1841 1206 1879 ad
1256 1841 1433 1879 famulos
1473 1840 1661 1890 aliosque
1695 1840 1764 1877 bo-

202 1915 360 1954 minum
394 1915 457 1953 x'el
493 1914 710 1952 mulierum
736 1921 891 1953 coetus.
917 1911 1139 1950 conciones
1163 1911 1307 1949 habuit
1339 1910 1680 1961 quamplurimas
1708 1911 1769 1947 In-

200 2000 338 2037 super,
359 2000 442 2037 quo
460 1985 628 2036 longius
647 1984 852 2035 quidquid
870 1982 967 2021 boni
987 1982 1144 2024 inierat,
1166 1982 1205 2019 in
1227 1991 1442 2032 posterum
1467 1981 1768 2031 produceretur

198 2071 248 2096 ac
282 2056 441 2095 firmius
474 2055 733 2099 consisteret,
768 2054 857 2104 pias
905 2053 1159 2098 sodalitates,
1209 2066 1312 2103 quas
1355 2066 1377 2089 a
1412 2052 1504 2090 Iesu
1537 2060 1578 2090 et
1612 2051 1767 2089 Mariae

202 2126 485 2167 Sanctissimis
534 2126 741 2165 Cordibus
791 2132 1049 2174 nuncupatas
1097 2122 1240 2164 voluit.
1285 2121 1559 2160 instituendas
1592 2121 1765 2160 curavit.

289 2198 357 2236 Ad
376 2199 475 2235 haec
495 2196 536 2235 id
555 2196 678 2234 etiam
694 2194 940 2246 praestabile
954 2193 1138 2235 accessit,
1154 2193 1268 2243 quod
1287 2192 1487 2243 opuscula
1505 2191 1763 2242 conscripsit,

201 2267 494 2318 vulgavitque:
529 2280 707 2317 quorum
732 2279 812 2316 ope
837 2265 1000 2315 plebem
1024 2265 1074 2302 ab
1099 2263 1146 2301 iis
1170 2263 1302 2313 culpis
1326 2262 1483 2301 facilius
1518 2270 1762 2307 removeret,

201 2338 240 2376 in
275 2352 377 2388 quas
411 2337 591 2376 incidere
615 2335 844 2375 consuevit.
872 2336 1035 2373 Horum
1059 2333 1175 2373 alteri
1201 2347 1352 2371 nomen
1376 2333 1470 2371 fecit
1493 2334 1615 2371 Dellc
1636 2335 1766 2383 veglie

196 2410 252 2447 cd
279 2409 654 2459 amoregql'amcnli
674 2408 777 2444 nelle
799 2411 1048 2456 campagne:
1081 2404 1197 2443 alteri
1223 2417 1322 2442 vero
1355 2404 1421 2442 La
1451 2405 1587 2442 scaola
1619 2404 1686 2441 dez·
1704 2405 1765 2441 de-

200 2481 284 2517 litfz·
312 2483 454 2529 aperta
488 2479 592 2516 uelle
623 2480 780 2516 osterse.
828 2475 1150 2514 Inmnnerabilia
1194 2473 1446 2524 exemplaria
1480 2473 1619 2524 operis
1652 2487 1766 2523 prae-

200 2549 428 2595 clarissimi,
463 2549 577 2600 quod
611 2548 753 2599 paucis
785 2556 880 2586 ante
904 2546 1128 2590 mensibus,
1155 2559 1278 2596 quam
1312 2545 1363 2582 ad
1397 2544 1559 2583 Rhetos
1592 2544 1762 2587 veniret,

202 2620 242 2658 in
275 2621 407 2658 lucem
443 2619 682 2670 protulerat,
719 2618 917 2668 quodque
951 2616 1217 2667 inscripserat
1250 2617 1440 2666 Risposlc
1463 2616 1661 2665 popolarz'
1685 2615 1765 2652 alle

199 2692 426 2729 obbl'ezioni
460 2689 539 2741 pist
587 2691 753 2727 comum·
796 2693 935 2726 conlro
977 2689 1016 2726 la
1061 2688 1272 2737 religione,
1313 2685 1351 2723 in
1386 2694 1517 2724 totam
1552 2684 1761 2729 Rlietiam,

197 2761 385 2811 aliasque
435 2760 576 2798 Italiae
624 2758 818 2808 regiones
866 2757 1113 2807 divulgavit,
1163 2765 1279 2795 tanto
1314 2755 1527 2805 religionis
1560 2756 1683 2798 bono,
1720 2764 1763 2793 ut

200 2831 354 2882 quibus
386 2830 504 2869 annis
536 2829 649 2880 apud
682 2829 843 2867 Rhetos
876 2837 939 2866 est
970 2835 1252 2866 commoratus
1290 2826 1369 2865 hoc
1401 2826 1489 2864 eius
1523 2825 1678 2875 ingenii
1716 2839 1762 2863 ac

199 2901 368 2952 pietatis
402 2908 718 2939 monumentum
752 2898 885 2937 sexies
918 2911 1114 2936 excusum
1149 2897 1213 2935 sit.
