1926 3200
853 240 1082 276 -19-

181 343 256 374 aut
288 348 433 374 cavere
465 335 647 380 deberet,
682 335 812 385 probe
844 342 1028 373 noverat.
1064 333 1178 384 Quid
1205 334 1328 372 etiam
1362 347 1532 373 suorum
1566 334 1744 386 quisque

185 406 226 444 in
259 420 454 457 praesens
488 406 653 451 valeret,
688 405 752 444 vel
785 405 824 443 in
858 414 1073 456 posterum
1107 405 1387 455 portenderet,
1423 405 1528 444 facili
1572 406 1744 457 negotio

185 476 474 528 perspiciebat,
510 475 913 527 praesentiebatque3
949 489 1033 526 quo
1057 475 1191 518 fiebat,
1217 484 1262 514 ut
1295 475 1394 513 nihil
1428 476 1566 526 operis
1598 476 1744 527 adgre-

183 548 364 594 deretur,
402 547 502 598 quin
535 561 557 585 e
588 546 791 585 sententia
813 546 1087 597 contingeret.
1113 546 1254 597 Quum
1289 547 1475 585 Fratrem
1509 547 1742 586 adiutorem

184 633 207 658 a
241 620 362 657 rebus
395 618 646 664 domesticis,
695 617 759 656 cui
810 631 961 656 nomen
1002 617 1253 668 Mac-Elroy,
1305 616 1410 656 inter
1443 618 1636 664 iuniores,
1672 618 1742 670 qui

184 689 330 729 litteris
364 689 465 728 dant
496 702 678 740 operam,
718 688 934 727 transcribi
968 687 1166 733 iussisset,
1208 702 1330 727 nemo
1368 687 1455 734 fuit,
1490 703 1513 727 a
1545 702 1629 740 quo
1663 703 1744 727 ma-

184 774 372 813 gnopere
419 774 501 799 non
550 759 844 798 dilaudaretur.
896 759 976 798 Hic
1025 758 1148 805 enim,
1204 759 1448 798 Sacerdotio
1495 768 1652 807 auctus,
1703 768 1744 799 et

183 840 383 882 quattuor
415 839 608 869 votorum
642 830 852 880 professus
886 829 1170 881 inauguratus,
1206 829 1246 867 in
1281 829 1359 868 Dei
1388 830 1522 881 gloria
1554 839 1594 869 et
1627 831 1742 882 vulgi

182 903 316 941 salute
362 901 543 940 curanda
590 901 694 939 adeo
744 900 930 951 profecit,
981 909 1222 951 tantamque
1270 900 1449 939 nominis
1497 901 1647 940 famam
1681 911 1744 941 est

182 975 374 1024 adeptus,
410 980 454 1011 ut
487 986 509 1010 a
542 971 715 1011 summis
748 980 1000 1010 memoratae
1033 971 1283 1022 reipublicae
1316 972 1629 1023 magistratibus
1657 974 1744 1024 plu-

183 1045 288 1084 rima
310 1043 623 1083 benevolentiae
645 1051 770 1094 atque
791 1042 962 1082 honoris
995 1042 1299 1094 significatione
1322 1043 1565 1083 honestatus
1588 1044 1641 1083 sit
1664 1046 1741 1095 (2).

276 1115 402 1153 Haud
435 1113 553 1153 facile
586 1113 836 1152 narraverim
871 1122 974 1165 quot
1007 1113 1202 1152 Grassius
1225 1114 1387 1152 labores
1420 1115 1661 1165 susceperit,
1686 1115 1744 1153 di-

182 1186 378 1226 scrimina
410 1185 569 1231 adierit,
594 1194 635 1224 et
657 1185 812 1224 morbis
835 1185 1093 1236 gravissimis
1115 1185 1374 1224 conflictatus
1397 1185 1450 1225 sit
1473 1194 1556 1224 tam
1580 1186 1743 1225 diutino

180 1271 387 1296 annorum
420 1256 551 1307 lapsu,
586 1270 669 1307 quo
707 1256 758 1295 ab
792 1255 910 1295 Italia
941 1256 1067 1307 longe
1100 1255 1242 1295 abfuit.
1283 1256 1401 1307 Quae
1434 1265 1573 1295 tamen
1605 1257 1745 1296 onmia

183 1327 303 1367 hilari
336 1336 377 1366 et
420 1326 626 1366 constanti
667 1327 806 1366 animo
849 1335 912 1366 est
942 1340 1186 1377 perpessus;
1220 1327 1377 1378 quippe
1410 1327 1481 1378 qui
1513 1341 1596 1366 non
1629 1328 1745 1366 dubi-

183 1399 308 1445 tabat,
343 1397 444 1449 quin
476 1412 523 1436 ea
555 1406 837 1448 superaturus,
863 1406 988 1448 atque
1017 1397 1128 1443 olim,
1164 1397 1303 1448 prouti
1338 1397 1609 1449 Pignatellius
1632 1412 1745 1449 prae-

185 1468 462 1514 nunciaverat,
487 1476 628 1507 nostra
650 1467 858 1507 Societate
881 1467 1035 1519 ubique
1068 1467 1257 1519 gentium
1291 1468 1492 1515 restituta,
1518 1468 1559 1507 in
1583 1469 1743 1507 Italiam

185 1553 453 1591 regressurus
486 1547 606 1578 esset.
648 1539 884 1585 Enimvero,
925 1539 1005 1577 iam
1043 1539 1127 1578 lato
1170 1539 1351 1585 decretO,
1393 1554 1477 1590 quo
1519 1539 1616 1578 Pius
1649 1541 1742 1587 VII,

190 1610 383 1649 Pontifex
417 1609 635 1656 Maximus,
670 1624 778 1649 anno
811 1621 1064 1656 MDCCCXIV,
1100 1610 1274 1649 eandem
1308 1610 1559 1649 Societatem
1594 1610 1633 1649 in
1667 1611 1746 1662 pri-

185 1681 341 1719 stinum
375 1681 496 1731 plane
529 1680 749 1726 revocavit,
785 1681 977 1720 Grassius
1003 1681 1043 1719 in
1067 1682 1278 1732 Europam
1312 1681 1477 1732 regredi
1510 1690 1572 1720 est
1595 1682 1743 1728 iussus,

188 1760 232 1790 ut
265 1752 317 1790 de
350 1750 598 1789 Americana
630 1750 825 1790 missione
857 1765 951 1790 curn
984 1751 1068 1790 suis
1107 1751 1367 1802 praesidibus
1406 1766 1545 1791 coram
1587 1761 1742 1804 ageret.

188 1822 270 1873 Qui
304 1822 438 1861 virum
471 1822 576 1861 adeo
613 1830 904 1872 praestantem,
944 1836 1081 1861 rerum
1129 1823 1440 1874 peritissimum,
1485 1832 1526 1862 et
1563 1825 1746 1875 complu-

187 1894 292 1932 rium
343 1907 646 1944 europaeorum
689 1907 928 1931 sermonum
966 1893 1187 1940 scientem,
1229 1894 1268 1932 in
1318 1895 1435 1933 Italia
1482 1895 1744 1934 retinendum

184 1964 473 2003 existimarunt
505 1966 582 2014 (3).

278 2036 377 2074 Post
410 2036 510 2073 haec
545 2035 588 2073 P.
624 2035 802 2085 Iosepho
846 2034 984 2081 Sineo,
1030 2035 1267 2085 provinciae
1310 2036 1469 2075 italicae
1506 2037 1745 2087 praeposito

186 2105 323 2145 socius
361 2114 423 2144 est
460 2106 603 2152 datus;
644 2114 685 2144 et
721 2105 905 2144 eiusdem
944 2105 1182 2156 provinciae
1220 2115 1465 2157 procurator
1501 2116 1564 2146 est
1600 2121 1746 2146 renun-

185 2177 328 2216 ciatus.
363 2178 487 2215 Anno
536 2188 771 2223 MDCCCXX,
823 2177 982 2215 Romae
1031 2177 1211 2216 comitiis
1259 2177 1453 2224 interfuit,
1506 2178 1545 2216 in
1594 2178 1745 2229 quibus

188 2248 231 2286 P.
266 2247 451 2287 Aloisius
485 2247 621 2286 Fortis
655 2247 870 2286 universae
903 2247 1100 2286 Societati
1142 2248 1234 2286 Iesu
1274 2248 1553 2287 moderandae
1585 2257 1647 2287 est
1679 2248 1746 2287 ad-

186 2319 330 2357 lectus.
366 2320 489 2357 Anno
523 2318 710 2369 proxime
734 2318 977 2369 insequenti,
1013 2318 1067 2357 ob
1102 2318 1356 2369 singularem
1390 2319 1650 2370 gubernandi
1679 2333 1747 2370 pe-

187 2389 335 2436 ritiam,
373 2404 457 2440 qua
480 2389 688 2440 plerisque
711 2389 904 2435 anteibat,
928 2390 1165 2440 Augustam
1188 2389 1467 2429 Taurinorum
1496 2390 1646 2429 missus
1669 2399 1743 2437 est,

186 2469 234 2499 ut
260 2460 685 2511 Collegii-Convictus
709 2459 934 2505 Nobilium,
965 2459 1029 2498 cui
1053 2468 1094 2498 et
1115 2474 1137 2498 a
1160 2460 1352 2499 Carmelo
1375 2475 1539 2507 nomen,
1564 2461 1745 2500 habenas

187 2539 366 2581 regeret.
403 2530 513 2569 Huic
562 2530 794 2569 diutissime
841 2545 887 2569 ac
934 2530 1169 2569 felicissime
1216 2531 1405 2581 praefuit.
1453 2532 1745 2579 Alumnorum,

187 2601 355 2647 civium,
391 2615 438 2640 ac
472 2602 694 2652 praecipue
727 2602 864 2641 Caroli
897 2602 1058 2647 Felicis,
1094 2602 1418 2653 Subalpinorum
1452 2603 1575 2654 regis,
1610 2604 1748 2642 studia

188 2672 229 2710 in
263 2686 318 2719 se,
355 2686 540 2723 suosque
572 2687 827 2724 magnopere
859 2673 1063 2719 excitavit,
1099 2673 1370 2724 omniumque
1402 2675 1636 2714 voluntates
1669 2675 1744 2713 sibi

188 2743 307 2782 facile
340 2743 556 2782 demeruit.

283 2814 420 2864 Quam
454 2815 507 2853 ob
542 2828 627 2853 rem
653 2815 826 2854 Carolus
850 2815 977 2858 Felix,
1004 2828 1236 2865 procerum,
1266 2829 1312 2854 ac
1336 2816 1577 2866 praesertim
1600 2816 1745 2856 Viottii

189 2884 368 2935 Equitis,
403 2884 507 2936 regii
540 2885 727 2923 athenaei
750 2885 945 2931 censoris,
970 2884 1161 2936 precibus
1184 2886 1418 2933 obsecutus,
1442 2886 1743 2937 amplissimum
