1926 3200
833 266 885 270 —
924 255 1003 290 213
1041 267 1093 270 —

178 349 357 399 primum
383 349 421 387 in
447 348 638 398 collegio
665 348 1139 387 Pio-latino-american‹›
1173 350 1407 388 stuilitffum
1444 351 1744 400 1›raefecturam

175 420 292 458 obiit.
319 420 438 462 Dein,
464 428 662 470 quattuor
684 419 954 458 sollemnibus
974 419 1193 469 religiosae
1218 421 1488 470 professionis
1514 421 1621 460 votis
1647 435 1748 459 nun-

176 491 351 541 cupatis,
388 491 584 529 historiae
617 490 932 531 ecclesiasticae.
957 498 997 529 et
1021 490 1119 528 iuris
1152 491 1337 529 canonici
1364 491 1401 529 in
1437 492 1628 541 Collegio
1661 493 1746 530 Ro-

179 575 303 599 mano
336 561 465 599 lector
498 570 559 600 est
583 561 845 600 constitutus.
872 561 980 599 Tum
1005 574 1104 599 vero
1129 561 1354 599 maximum
1379 563 1430 600 ad
1454 563 1542 600 eius
1566 562 1744 611 gloriam

179 632 480 671 incrementum
506 631 690 672 accessit.
715 645 842 682 quum
874 631 979 670 inter
1008 632 1149 670 Patres
1183 632 1368 670 adlectus
1402 641 1476 673 est.
1512 633 1663 683 quibus
1698 633 1745 672 ti-

178 703 307 741 tulus:
337 703 598 741 Con-cultores
635 703 945 741 Commissionis
973 703 1200 740 direclsicis
1223 704 1270 740 de
1294 703 1393 741 lure
1412 705 1676 754 proponendi
1702 705 1744 741 ᾗ]

176 775 358 811 conciliis
390 775 678 813 oecumenicis.-
727 773 910 823 itemque
959 772 997 811 in
1043 773 1230 812 Concilio
1276 773 1476 812 Vaticano
1524 773 1746 813 universali

178 843 341 881 Summi
376 842 589 881 Pontificis
623 842 871 891 The‹‘›logus
914 852 975 881 est
1009 843 1157 882 dictus.
1194 844 1431 887 Enimvero,
1458 844 1496 881 in
1533 844 1601 882 illo
1635 845 1742 883 lucu-

178 913 410 951 lentissimo
444 921 665 955 conventu,
701 912 790 950 eius
824 926 950 963 opera
984 913 1123 963 magni
1159 914 1330 952 omnino
1368 922 1429 952 est
1464 914 1615 953 habita.
1652 916 1745 965 Qua

177 984 230 1022 de
262 997 383 1022 causa
418 983 634 1033 Eugenius
672 983 915 1024 Cecconius.
943 984 1279 1022 Florentinorum
1314 984 1666 1035 archiepiscopus,
1703 986 1741 1024 in

178 1054 366 1096 historia,
391 1068 515 1105 quam
540 1055 592 1092 de
616 1054 763 1092 eodem
789 1054 977 1093 Concilio
1001 1055 1213 1093 contexuit
1247 1055 1530 1106 vulgavitque,
1564 1056 1745 1094 maximo

177 1139 274 1164 eum
309 1124 448 1175 elogio
481 1132 543 1162 est
578 1132 836 1174 prosecutus.

266 1195 365 1233 Post
387 1195 487 1233 haec
510 1195 807 1244 Roehampton
833 1195 871 1232 in
895 1195 1092 1243 Angliam
1129 1196 1252 1236 venit.
1278 1196 1417 1246 ibique
1436 1210 1588 1234 annum
1616 1211 1741 1235 unum

180 1279 340 1303 sacram
375 1264 633 1315 theologiam
667 1264 821 1303 docuit.
870 1264 978 1303 Hinc
1021 1266 1258 1314 Augustam
1303 1266 1581 1304 Taurinorum
1616 1281 1744 1317 quum

178 1335 377 1381 venisset,
414 1336 598 1374 Henrico
632 1336 780 1380 Vasco,
817 1335 1039 1374 Societatis
1064 1345 1228 1374 nostrae
1252 1337 1397 1377 sodali.
1434 1351 1604 1387 operam
1628 1352 1746 1377 suam

177 1406 218 1445 in
242 1406 552 1445 conscribendis
571 1406 922 1456 ephemeridibus.
948 1407 1100 1457 quibus
1124 1420 1275 1445 nomen
1301 1407 1475 1446 inditum
1499 1409 1740 1458 L’cmporl'o

167 1479 380 1528 popolare,
434 1476 628 1515 exhibere
660 1490 744 1515 non
778 1477 925 1515 renuit.
962 1477 1122 1515 Ibidem
1157 1477 1462 1516 concionatoris
1497 1479 1638 1517 officio
1682 1487 1745 1518 est

178 1547 354 1589 functus,
390 1547 478 1598 pias
511 1547 652 1586 Sancti
687 1547 873 1586 Parentis
908 1548 1058 1597 Ignatii
1093 1548 1466 1587 commentationes
1509 1550 1631 1588 Clero
1667 1558 1744 1588 tra-

178 1617 296 1659 didit,
333 1617 594 1656 sodalitatem
629 1632 651 1655 a
690 1618 731 1657 S.
769 1619 897 1657 Paulo
940 1619 1149 1669 Apostolo
1193 1619 1287 1657 fidei
1331 1620 1558 1658 catholicae
1600 1634 1747 1671 prove-

179 1688 360 1735 hendae,
409 1698 450 1727 et
497 1697 780 1727 matronarum
829 1697 1007 1732 coetum,
1053 1704 1074 1727 a
1118 1690 1162 1727 B.
1204 1691 1251 1727 V.
1300 1690 1536 1729 Perdolenti
1587 1705 1742 1729 nuncu-

178 1770 335 1809 patum,
372 1758 647 1797 moderatoris
671 1758 803 1798 titulo.
829 1759 946 1797 statis
970 1760 1244 1801 sermonibus.
1270 1761 1322 1798 ad
1346 1774 1512 1798 omnem
1545 1761 1742 1811 pietatem

175 1830 369 1869 excoluit.
404 1829 603 1868 Triennio
637 1829 899 1875 circumacto,
935 1830 1126 1868 Genuam
1161 1844 1204 1868 se
1234 1831 1409 1870 contulit
1442 1840 1481 1869 et
1511 1831 1551 1869 in
1584 1832 1742 1882 templo

176 1900 319 1940 Sancti
352 1901 445 1951 Syri
479 1914 636 1938 annuas
670 1900 891 1938 conciones
935 1900 1091 1939 habuit.
1138 1901 1273 1939 Etiam
1310 1902 1483 1943 Romae,
1519 1902 1654 1941 Casali
1705 1902 1744 1940 in

177 1971 478 2010 Monteferrato
525 1979 566 2009 et
612 1970 917 2013 Albintemelii,
963 1971 1066 2009 sacri
1115 1971 1292 2010 oratoris
1341 1986 1490 2010 munus
1548 1973 1650 2011 obiit
1705 1982 1745 2012 et

174 2042 431 2092 praeclarum
466 2041 543 2080 sibi
577 2042 653 2080 hac
687 2041 726 2079 in
761 2050 847 2080 arte
881 2055 1034 2080 nomen
1068 2042 1222 2093 ubique
1255 2043 1525 2093 comparavit.
1562 2043 1741 2090 Etenim,

175 2126 260 2150 non
307 2112 444 2150 fucato
492 2111 755 2162 eloquentiae
798 2111 986 2155 artificio,
1022 2113 1094 2150 sed
1137 2112 1350 2151 doctrinae
1392 2113 1524 2164 copia,
1575 2123 1742 2152 senten-

176 2182 327 2221 tiarum
371 2181 515 2221 ordine
559 2196 605 2220 ac
648 2182 825 2225 robore,
870 2182 1108 2221 auditorum
1153 2183 1288 2221 studia
1336 2197 1592 2234 magnopere
1635 2198 1745 2222 com·

177 2253 321 2292 movit.
348 2254 538 2304 Quorum
574 2266 692 2294 unus.
718 2253 952 2291 studiorum
976 2253 1270 2292 litterariorum
1297 2268 1475 2304 praesesv
1502 2254 1666 2293 tametsi
1689 2255 1744 2293 (le

176 2324 330 2362 nostris
362 2323 575 2362 sodalibus
608 2337 754 2374 parum
788 2323 1013 2362 liberaliter
1046 2324 1263 2365 sentiebat.
1291 2334 1427 2363 tamen
1462 2325 1596 2375 palam
1622 2325 1743 2363 fateri

176 2408 260 2433 non
293 2394 510 2438 dubitavit,
546 2408 686 2432 sacrae
709 2395 972 2445 eloquentiae
995 2395 1121 2433 decus
1145 2410 1191 2433 ac
1224 2409 1375 2433 nomen
1410 2411 1432 2433 a
1466 2395 1742 2444 Sanguinetio

176 2465 217 2503 in
250 2465 470 2516 pristinum
505 2473 658 2503 statum
692 2465 929 2504 restitutum
963 2480 1067 2504 esse.

265 2536 391 2574 Anno
435 2546 756 2579 MDCCCLXXIX,
802 2535 915 2586 quod
958 2537 1195 2586 complures
1231 2537 1392 2574 Romae
1426 2536 1607 2574 maximo
1641 2536 1742 2576 tanti

175 2606 252 2645 viri
284 2606 493 2645 desiderio
527 2615 778 2647 tenerentur.
815 2606 962 2645 iterum
1008 2607 1112 2645 hanc
1148 2607 1185 2644 in
1221 2607 1364 2645 urbem
1406 2616 1468 2646 est
1508 2608 1741 2655 arcessitus,

177 2684 223 2715 ut
256 2676 296 2714 in
330 2676 549 2714 Athenaeo
583 2675 847 2726 Gregoriano
881 2676 943 2714 ius
977 2677 1221 2714 canonicum
1257 2677 1609 2727 interpretaretur.
1642 2678 1744 2715 Sub-

179 2746 275 2785 inde
307 2762 330 2785 a
365 2747 506 2785 Leone
538 2746 657 2791 XIII,
693 2760 858 2784 summo
888 2760 1100 2784 sacrorum
1126 2747 1336 2789 Antistite.
1364 2747 1469 2786 inter
1504 2748 1745 2787 pontificiae

174 2816 427 2855 Academiae
460 2816 655 2854 doctores
698 2816 940 2858 decuriales.
987 2816 1184 2855 historiae
1217 2826 1257 2855 et
1293 2817 1367 2855 iuri
1419 2818 1644 2864 tradendis,
1680 2827 1744 2857 est

176 2887 421 2926 accensitus.
458 2887 523 2925 Ad
559 2888 637 2925 hoc
671 2887 710 2924 in
744 2900 881 2925 sacras
930 2887 1282 2937 congregationes
1332 2902 1536 2933 romanas,
1583 2903 1689 2939 quae
1722 2904 1745 2929 a
