1926 3200
842 237 1070 274 -31-

248 334 330 367 Has
356 330 691 375 interpretationes
718 328 973 363 Carminatius
999 328 1080 371 ipse
1106 327 1268 362 confecit
1293 328 1411 362 latino
1437 340 1614 364 sermone
1640 329 1739 364 adeo

175 392 380 436 exquisito,
409 396 450 424 ut
481 390 579 424 inter
616 390 843 431 interpretes
881 388 1022 430 primas
1060 386 1201 420 tulerit.
1244 388 1456 421 Nonnullas
1495 389 1586 422 alias
1624 389 1738 423 etiam

174 451 338 486 subiecit
364 462 410 484 ex
436 449 623 483 Cunichio
649 453 687 482 et
714 448 821 490 Fuga
847 446 1061 489 decerptas,
1090 446 1170 480 Sub
1204 446 1319 480 libelli
1352 447 1466 481 finem
1499 448 1643 491 aliquot
1669 459 1739 491 pro

175 523 216 546 re
243 516 332 545 nata
357 509 626 544 adnotationes
654 507 868 550 adscripsit.

249 584 287 618 70
317 574 478 608 Luciam·
505 572 696 616 Colloqnia
725 572 829 605 XVI
847 572 994 605 selecta.
1036 570 1149 615 (Ibid.
1190 570 1280 605 item
1314 582 1416 606 anno
1442 581 1738 613 Mocccxxxvu,

178 647 243 679 pp.
273 636 318 676 84
345 634 382 667 in
409 634 477 676 8⁰).

249 694 301 728 Ut
313 693 413 726 hunc
427 696 622 725 auctorem
633 689 898 724 adolescentes
914 688 1076 722 innoxiis
1090 689 1210 722 oculis
1225 695 1467 732 usurparent,
1484 689 1740 724 Carminatius

175 764 266 787 eum
293 762 370 786 non
397 750 513 785 modo
539 748 754 789 illustravit,
782 748 850 782 sed
877 747 1114 790 expurgavit.
1135 748 1322 789 Quocirca
1339 747 1549 782 litterarum
1576 749 1738 783 studiosi

178 812 251 846 hoc
278 810 433 845 nomine
459 809 664 853 plurimum
691 808 725 842 ei
752 807 907 841 debent.
937 806 1092 840 Luciani
1118 807 1330 850 colloquiis,
1351 807 1509 850 perinde
1533 819 1575 842 ac
1593 808 1739 852 Aesopi

183 870 344 911 fabellis,
372 868 686 903 venustissimum
713 866 951 909 prooemium
978 865 1107 899 affixit.

250 942 289 974 80
316 938 520 973 Exercitz‘a
545 939 584 972 S.
613 938 659 972 P.
679 936 827 980 Ignatii
842 936 886 970 de
904 937 1057 978 Loyola‚
1078 937 1230 970 auctore
1248 937 1298 970 R.
1326 937 1371 970 P.
1400 937 1549 970 Aloisz'o
1576 938 1738 971 Bellecio

176 1012 198 1034 e
224 1001 308 1034 Soc.
337 999 432 1035 Iesu,
465 999 502 1031 et
525 998 665 1031 Sacrae
699 997 734 1029 T
731 995 926 1038 lzeologiae
951 995 1114 1029 doctore.
1143 995 1272 1030 Editio
1298 995 1468 1029 secunda
1493 997 1737 1031 taurinensis.

178 1060 377 1101 Augustae
396 1056 651 1090 Taurinorum
666 1066 712 1089 ex
726 1054 991 1098 typographeo
1007 1055 1128 1097 Hyac.
1156 1054 1334 1095 Marietti,
1361 1065 1461 1089 anno
1488 1065 1739 1090 MDcccxxxv

177 1120 258 1163 (pp.
287 1119 355 1159 460
382 1117 419 1150 in
446 1116 514 1158 80)·

250 1170 377 1204 Huius
396 1169 561 1203 auctoris
580 1168 786 1202 dictionem
805 1167 961 1201 latinam
980 1166 1028 1200 ad
1045 1167 1150 1209 leges
1168 1167 1273 1200 latini
1300 1168 1488 1201 sermonis
1506 1170 1736 1211 composuit.

253 1247 292 1284 9Ο
327 1240 512 1274 Triduum
553 1250 704 1273 sacrum
738 1238 942 1282 praecipue
983 1237 1268 1281 Relzgz'osormn
1310 1238 1396 1271 usui
1435 1240 1733 1278 accomodatum,

177 1302 332 1334 auctore
358 1301 417 1342 (ut
440 1300 585 1342 snpra).
614 1297 775 1331 Accedit
810 1297 1004 1341 appendia.⁴
1029 1297 1074 1331 de
1110 1297 1280 1330 methodo
1319 1297 1496 1340 expedite
1533 1298 1743 1333 meditandi

176 1362 234 1405 (ut
260 1359 405 1402 supra).
436 1359 515 1402 (pp.
547 1369 613 1391 100
639 1357 676 1390 in
704 1356 772 1399 8⁰).

252 1429 311 1457 100
339 1422 543 1456 Exercitia
569 1421 795 1465 Spiritualia
821 1421 861 1454 S.
882 1421 927 1454 P.
948 1420 1096 1464 Ignatii
1110 1421 1272 1463 Loyolae
1289 1432 1372 1454 cum
1401 1432 1511 1454 sensu
1536 1422 1738 1456 eorundem

179 1483 397 1526 explanato,
429 1483 467 1515 el
490 1481 767 1520 Dz'rectorimn,
806 1480 946 1513 additis
986 1480 1105 1513 tribus
1130 1480 1416 1523 Appendicibus,
1450 1482 1605 1514 auctore
1630 1481 1676 1515 P.
1704 1482 1739 1515 I-

170 1542 308 1585 gnatio
335 1540 521 1578 Diertz'ns,
545 1541 584 1574 S.
605 1541 637 1574 I.
658 1539 745 1573 Vol.
768 1540 797 1580 Ι,
820 1540 869 1573 ΙΙ.
890 1540 1090 1582 Augustae
1105 1539 1373 1580 Taurinorum,
1401 1550 1447 1573 ex
1473 1541 1739 1584 typographeo

177 1599 386 1643 Hyacinthi
414 1598 592 1639 Marietti‚
620 1609 721 1632 anno
747 1606 1042 1631 MDCCCXXXVIH
1071 1600 1150 1641 (pp.
1180 1607 1261 1639 540,
1290 1598 1327 1631 in
1354 1598 1422 1641 80).

253 1659 457 1692 plurimam
483 1668 639 1700 operam
666 1668 753 1691 cum
784 1657 865 1690 aliis
895 1657 1068 1697 contulit,
1101 1662 1141 1690 ut
1171 1657 1290 1691 nitide
1316 1663 1354 1691 et
1380 1657 1575 1700 eleganter
1601 1658 1738 1693 iterum

177 1717 395 1754 ederentur,
428 1716 641 1758 eademque
667 1715 866 1758 prooemio
892 1715 1081 1749 instruxit.

252 1793 311 1822 11‘·
338 1789 378 1821 Il
400 1788 539 1821 [Vatale
563 1798 583 1821 e
608 1787 623 1821 z·
646 1787 803 1820 slsz'sterz'
826 1787 1094 1830 dell’Insanz‘ia
1126 1787 1166 1820 di
1201 1788 1346 1821 Nostro
1378 1788 1555 1831 Signore.
1593 1789 1627 1821 T
1624 1790 1737 1822 ratle-

178 1847 343 1880 m'mento
370 1846 600 1880 accademz'co
626 1846 667 1879 di
685 1846 815 1889 poesia
845 1857 865 1879 e
890 1846 931 1879 di
961 1846 1103 1880 musica
1137 1846 1398 1880 istrumentale
1432 1847 1497 1880 clze
1530 1847 1676 1889 offi‘ono
1702 1848 1743 1880 al

179 1905 356 1939 Pubblico
383 1905 398 1938 z'
421 1905 582 1948 Signori
623 1905 834 1938 Convz'ttorz'
869 1904 932 1938 del
966 1906 1015 1938 R.
1060 1905 1226 1948 Collegio
1263 1905 1304 1938 dz'
1327 1906 1485 1939 A'ovara
1511 1905 1649 1939 diretto
1676 1905 1741 1938 daz·

179 1965 258 1998 PF.
287 1965 386 1998 della
417 1965 647 2007 Compagnia
673 1964 715 1997 di
742 1965 851 2002 (iem,
884 1965 983 1997 nella
1011 1965 1161 1997 solenne
1193 1964 1492 2007 inaugurazione
1526 1964 1737 1998 dell'Acca-

174 2023 298 2056 demia
326 2023 386 2057 de’
413 2023 590 2056 Filellenz'
601 2023 769 2065 fondala
797 2023 835 2056 in
861 2023 960 2056 detto
992 2023 1157 2065 Collegio
1175 2022 1207 2055 z'l
1216 2023 1358 2066 giorno
1378 2034 1422 2056 12
1444 2023 1612 2057 Gennaio
1632 2026 1736 2065 1859.

178 2083 344 2123 Novara,
373 2092 440 2125 per
467 2083 679 2116 Francesco
705 2082 857 2115 Artaria
881 2092 903 2115 e
930 2082 1156 2124 Compagno
1181 2081 1357 2124 tipografi
1396 2084 1498 2125 (pag.
1534 2092 1577 2123 24
1604 2082 1640 2115 in
1668 2084 1736 2124 δ”).

251 2160 310 2186 12¹>
338 2154 377 2186 S.
410 2153 626 2186 Gaudensz'o
646 2152 775 2196 primo
802 2153 959 2186 Vescovo
985 2163 1004 2186 e
1022 2153 1238 2186 Prolellore
1255 2152 1295 2186 di
1310 2153 1481 2186 Novaro.
1510 2153 1737 2186 Accademia

176 2212 219 2245 di
238 2212 369 2255 poesia
395 2223 414 2245 e
439 2212 480 2245 di
503 2212 594 2245 belle
621 2212 709 2249 arti,
742 2212 807 2245 che
832 2212 978 2254 offrono
1015 2213 1057 2245 al
1090 2212 1264 2245 Pubblico
1291 2211 1306 2244 ι’
1329 2212 1490 2255 Signori
1530 2211 1741 2246 Convittori

178 2271 241 2304 del
264 2272 383 2305 Reale
412 2271 578 2314 Collegio
605 2271 665 2305 de'
692 2270 816 2304 Padrz·
839 2271 937 2304 della
967 2271 1195 2314 Compagnia
1233 2271 1273 2304 di
1313 2272 1412 2304 Gesa
1450 2271 1489 2304 in
1527 2271 1684 2305 lVovara
1712 2272 1743 2305 z'l

174 2331 221 2362 28
246 2330 384 2373 Aprile
410 2332 515 2372 1840.
546 2330 699 2364 Novara
727 2332 782 2373 (ut
809 2330 937 2372 supra)
967 2330 1046 2374 (pp.
1076 2332 1119 2363 26
1146 2330 1182 2363 in
1209 2330 1278 2373 80).

249 2388 558 2422 Commentarius
584 2388 633 2422 de
659 2388 750 2421 Vita
775 2388 888 2422 huius
907 2388 1088 2431 Episcopi
1106 2399 1127 2422 a
1146 2389 1186 2422 P.
1216 2389 1383 2432 Iosepho
1411 2388 1624 2423 Melandrio
1643 2389 1738 2424 falso

174 2447 354 2480 tribuitur
381 2447 627 2481 Carminatio.
658 2448 756 2480 Nam
781 2458 803 2480 a
830 2448 997 2490 Iosepho
1024 2448 1159 2488 Boero,
1184 2447 1249 2490 qui
1274 2453 1356 2481 tum
1383 2448 1568 2491 temporis
1593 2448 1738 2482 litteras

175 2505 374 2548 politiores
402 2505 591 2539 Novariae
617 2505 806 2546 tradebat,
834 2511 892 2539 est
918 2506 1162 2539 elucubratus
1189 2506 1254 2550 (4).

250 2581 308 2618 130
337 2577 392 2609 La
412 2580 598 2618 perrucca
624 2576 687 2610 del
709 2577 755 2610 P.
777 2577 964 2619 Ruggero
982 2577 1198 2611 Boseovz'clz.
1220 2597 1263 2602 —
1287 2577 1448 2620 Capitoli
1463 2577 1525 2610 del
1540 2578 1585 2612 P.
1610 2578 1737 2612 Giulz'o

180 2634 360 2672 Cordara,
394 2635 554 2668 tradotti
577 2635 615 2669 in
641 2635 744 2669 versi
768 2635 879 2668 latini
912 2636 978 2668 dal
1008 2636 1053 2670 P.
1090 2635 1302 2669 Raimondo
1335 2636 1484 2673 Cmticlz,
1519 2638 1577 2670 tre
1601 2637 1740 2671 celebri

179 2693 329 2726 Gesuz'ti
360 2692 423 2726 del
456 2693 585 2727 Secolo
626 2694 778 2727 XVIII.
810 2695 995 2736 Novara„
1019 2694 1220 2737 tipografia
1260 2694 1412 2728 Artaria
1450 2705 1471 2728 e
1509 2695 1740 2738 Compagno

177 2752 280 2795 (pag.
312 2754 354 2785 26
381 2752 418 2785 in
445 2752 513 2795 80).
542 2772 586 2777 —
614 2753 753 2786 Annus
778 2753 960 2787 editionis
987 2753 1143 2786 minime
1169 2757 1227 2786 est
1252 2753 1482 2796 adscriptus.

250 2829 309 2862 14⁰
340 2822 541 2856 Nonnullis
574 2823 689 2856 etiarn
721 2823 916 2865 opusculis
948 2823 995 2856 de
1014 2823 1146 2857 morali
1164 2823 1390 2866 Theologia,
1419 2823 1624 2867 praecipue
1647 2834 1739 2858 vero

175 2899 221 2905 —
252 2881 443 2914 Medullae
460 2881 697 2924 Theologiae
715 2881 868 2915 moralis
896 2882 1108 2915 Hermanni
1135 2882 1391 2916 Busembaum
1419 2902 1461 2907 —
1489 2882 1737 2922 illustrandis,
