1926 3200
811 220 1076 267 —154-

745 804 935 844 OPERA
978 804 1145 843 EDITA

238 1078 271 1105 10
306 1071 389 1105 Vita
415 1072 478 1106 del
500 1073 546 1106 P.
579 1073 625 1106 G.
654 1063 700 1106 B.
729 1073 875 1106 Prever
899 1072 989 1106 dell'
1009 1072 1201 1106 Oratorio.
1242 1073 1401 1114 Torino‚
1443 1084 1510 1116 per
1545 1073 1727 1108 Giacinto

167 1130 348 1172 Marietffi,
379 1133 483 1173 1844,
515 1134 589 1172 160,
618 1142 683 1175 pp.
717 1134 798 1165 168.

236 1208 273 1235 2O
309 1203 392 1236 Vita
418 1202 481 1236 del
506 1203 675 1237 Clzierico
701 1203 822 1246 Luigi
849 1203 1053 1237 Corradini
1076 1204 1221 1237 scolare
1254 1204 1317 1237 del
1344 1204 1512 1247 Collqgio
1540 1204 1726 1238 Romano.

164 1263 300 1303 Roma,
329 1273 397 1306 per
424 1263 574 1303 Marini,
606 1264 709 1304 1846,
742 1265 815 1304 160,
844 1274 910 1306 pp.
939 1265 998 1297 So.

232 1342 270 1376 3⁰
297 1335 359 1368 De
395 1333 664 1377 Assumptione
701 1334 852 1367 Μιῐνὶαε
898 1334 1081 1377 Virginis.
1127 1334 1260 1368 Oratio
1298 1334 1424 1368 habita
1463 1334 1611 1367 XVIII
1635 1334 1723 1368 Kal.

161 1394 262 1436 Sept.
293 1392 330 1426 in
365 1393 516 1436 Templo
530 1392 732 1426 Liberiano
749 1393 794 1426 ab
812 1393 982 1426 Hem'ico
1009 1392 1226 1436 Englefield
1242 1393 1379 1436 Equite
1396 1393 1538 1436 Anglo,
1564 1392 1732 1426 Romani

161 1454 201 1487 S.
229 1453 262 1486 I.
295 1452 456 1495 Collegiz‘
478 1452 674 1486 AVobilimn
699 1452 881 1486 Almnno.
910 1453 1069 1493 Rornae,
1106 1463 1152 1486 ex
1182 1453 1468 1495 Typographeo
1495 1452 1725 1491 Salviuccio,

163 1521 413 1552 MDCCCXLVI,
442 1511 479 1545 in
506 1511 609 1551 folio,
639 1523 704 1555 pp.
733 1522 819 1552 vm,
853 1523 908 1554 13.

231 1590 270 1624 4⁰
297 1582 452 1615 Notizie
477 1581 640 1615 slorz'clze
677 1582 772 1616 delle
813 1582 1121 1625 Cozzgregazioni
1153 1582 1428 1616 ecclesiasticlze
1466 1581 1628 1615 z'stz'tuite
1665 1581 1736 1615 dal

169 1642 209 1676 V.
239 1642 284 1676 P.
312 1642 521 1675 Fl'ancesco
548 1641 697 1675 Pavone
723 1641 821 1675 della
859 1642 1089 1685 Compagm'a
1123 1641 1165 1675 di
1201 1642 1314 1676 Gesic.
1354 1641 1507 1685 Napoli,
1537 1640 1729 1675 Giovanni

166 1703 387 1742 Pellizzone‚
420 1703 523 1744 1853,
554 1708 630 1743 24⁰,
659 1712 725 1744 pp.
756 1703 815 1735 81.

236 1782 273 1815 5⁰
302 1774 345 1807 In
373 1773 521 1816 Opella,
549 1773 609 1806 cui
635 1772 787 1806 titulus:
807 1773 931 1806 lsaz‘xae
953 1773 1179 1806 Carminatz'z'
1202 1773 1438 1807 Auditorum
1472 1773 1732 1807 Clzerz'ensium

167 1833 343 1868 Carmina
370 1833 489 1867 Sacra
515 1833 731 1875 (Augustae
757 1833 1014 1866 Taurinorum
1042 1832 1196 1866 excudit
1222 1833 1449 1867 Vincentius
1474 1833 1592 1873 Bona,
1613 1833 1732 1875 Regis

166 1893 296 1927 Italiae
314 1892 526 1927 officinator
552 1892 741 1932 librarius,
769 1903 870 1926 anno
897 1901 961 1927 Cio
977 1902 1015 1927 13
1034 1901 1110 1926 CCC
1129 1893 1268 1935 xcvm)
1297 1892 1334 1926 in
1361 1892 1501 1935 pagina
1531 1903 1585 1932 12,
1614 1896 1651 1925 et
1669 1902 1729 1933 40,

164 1957 316 1987 exstant
343 1952 590 1996 Epigramma
615 1957 652 1986 et
680 1952 812 1995 Elegia
837 1963 858 1985 a
886 1952 1048 1986 Baronio
1074 1951 1357 1995 elegantissime
1383 1952 1568 1986 confecta.

236 2027 274 2058 6Ο
301 2024 452 2058 Titulos
477 2024 703 2064 litterarum,
731 2035 826 2067 quas
856 2023 1046 2057 Henricus
1086 2023 1257 2063 Bindius,
1297 2023 1437 2066 aliique
1469 2022 1652 2065 Episcopi
1679 2023 1727 2056 ad

164 2095 277 2118 suum
303 2084 467 2126 quisque
493 2083 648 2117 Clerum
674 2088 711 2116 et
738 2083 924 2126 populum
943 2082 1147 2123 dederunt,
1168 2088 1206 2116 et
1233 2082 1417 2116 Baronius
1437 2082 1554 2116 latina
1579 2081 1732 2116 civitate

165 2143 336 2183 donavit,
364 2153 489 2186 neque
508 2142 545 2176 in
565 2142 795 2176 Biblioz‘lzeca
810 2142 1083 2185 (Scriptormn)
1102 2142 1300 2176 Societatis
1314 2143 1409 2179 lesu,
1431 2153 1452 2175 a
1467 2141 1605 2175 Carolo
1623 2141 1732 2175 Som-

165 2202 400 2245 mervogelio
427 2213 559 2236 recens
585 2201 702 2242 edita,
731 2212 856 2244 neque
882 2201 970 2235 alibi
997 2202 1136 2236 relatos
1163 2201 1333 2235 invenire
1359 2201 1484 2244 potui.
