1926 3200
862 221 1093 256 —23—

193 333 307 363 tanta
340 338 434 363 cum
467 324 601 369 laude,
638 332 683 363 ut
716 323 817 362 nihil
852 337 990 374 supra.
1027 323 1130 362 Fani
1163 332 1204 362 et
1239 323 1426 362 Mutinae
1459 323 1492 363 is
1526 324 1667 363 rhetor
1695 338 1760 363 ex-

194 395 288 437 titit.
324 396 467 446 quales
500 395 698 445 perpauci
731 394 958 433 admodum
992 393 1178 433 extitisse
1220 394 1419 433 feruntur.
1457 395 1565 433 Dein
1597 396 1759 434 Romae

194 466 378 505 Xaverio
412 465 598 509 Patritio,
633 474 673 504 et
710 466 864 504 Ioanne
900 465 1098 509 Perrono,
1144 465 1327 516 optimae
1362 474 1485 504 notae
1517 466 1760 505 doctoribus

195 552 307 581 usus,
343 537 545 588 plurimos
580 537 619 575 in
663 536 790 575 sacris
834 536 1064 587 disciplinis
1108 550 1357 588 progressus
1395 536 1553 575 habuit.
1588 537 1761 577 Biennio

194 618 353 655 exacto,
388 609 442 648 ob
475 609 576 648 caeli
615 608 934 653 inclementiam,
986 607 1169 659 Regium
1219 607 1368 658 Lepidi
1416 608 1642 655 contendit,
1691 609 1760 647 ubi

199 680 386 731 privatus
418 680 657 732 theologica
681 680 822 719 studia
845 688 908 718 est
932 687 1192 730 prosecutus.
1228 679 1344 717 Haec
1373 679 1519 717 eadem
1553 680 1765 719 Ferrariae

196 751 391 803 explevit,
426 751 567 802 ibique
600 751 799 790 continuo
832 750 933 789 scita
967 749 1316 801 philosophorum
1349 750 1599 801 explanavit.

287 824 375 863 Sub
409 823 525 862 initio
559 823 655 861 anni
690 833 980 866 MDCCCXXXI,
1026 822 1079 860 ob
1121 821 1262 860 civiles
1300 830 1451 867 motus,
1487 822 1527 860 in
1560 822 1763 861 Aemiliae

198 894 442 946 regionibus
465 894 678 939 excitatos,
704 893 745 932 in
770 892 988 933 Sardiniae
1013 892 1123 943 regis
1154 892 1355 931 ditionem
1380 892 1618 944 perfugium
1642 907 1763 944 quae-

197 965 308 1005 sivit.
343 966 404 1004 Ita
436 973 499 1004 est
531 965 685 1003 facturn
719 972 775 1011 ut,
813 977 942 1015 quum
966 963 1181 1014 provincia
1204 963 1424 1003 Societatis
1454 972 1632 1009 nostrae,
1657 977 1763 1014 quae

200 1036 341 1075 Italica
373 1037 612 1079 vocabatur,
649 1035 690 1074 in
714 1036 819 1074 duas
842 1042 951 1074 esset
974 1034 1183 1080 distracta,
1209 1034 1249 1072 in
1274 1034 1361 1073 iura
1393 1034 1631 1085 provinciae
1661 1035 1764 1073 Sub-

200 1108 363 1159 alpinae
386 1107 678 1146 transferretur
697 1108 775 1157 (1).
802 1107 948 1157 Itaque
966 1106 1043 1144 sub
1066 1105 1221 1144 exitum
1240 1106 1426 1145 eiusdem
1445 1106 1541 1144 anni
1565 1106 1762 1145 Cherium

199 1179 239 1217 in
262 1180 407 1218 urbem
441 1188 503 1217 est
526 1178 696 1224 accitus,
723 1178 793 1217 ubi
813 1178 977 1229 potiora
995 1176 1152 1228 ingenii
1176 1177 1427 1216 documenta
1451 1177 1628 1228 reliquit.
1655 1178 1762 1215 Nam

199 1250 286 1301 iugi
320 1249 433 1288 vocis
467 1249 731 1301 magisterio,
766 1258 807 1288 et
850 1248 1134 1299 suimetipsius
1177 1249 1381 1299 exemplo,
1427 1248 1608 1287 iuniores
1641 1247 1763 1286 huius

200 1320 440 1372 provinciae
473 1320 525 1359 ad
558 1334 725 1359 0111116111
764 1319 994 1358 litterarum
1037 1319 1298 1358 honestatem
1331 1318 1562 1357 diutissime
1594 1318 1762 1363 effinxit,

199 1401 245 1431 ut
292 1391 561 1443 quamplures
610 1391 759 1430 exinde
807 1390 995 1442 magistri
1035 1399 1075 1429 et
1116 1390 1340 1441 scriptores
1378 1389 1658 1441 provenerint,
1694 1389 1763 1441 qui

200 1462 342 1514 magni
376 1471 534 1513 postea,
570 1462 671 1514 quin
704 1462 828 1501 etiam
872 1461 1039 1500 maximi
1079 1461 1207 1500 habiti
1250 1469 1359 1500 sunt.
1395 1460 1567 1503 Ibidem,
1602 1461 1765 1499 duobus

200 1543 297 1585 post
344 1534 474 1579 annis,
524 1534 577 1572 ad
626 1534 856 1573 solemnem
905 1540 1103 1583 quattuor
1136 1541 1330 1571 votorum
1370 1531 1670 1582 professionem
1704 1540 1766 1570 est

199 1612 381 1644 evectuS.

289 1676 460 1726 Septem
508 1675 626 1714 annis
675 1674 999 1720 circumvolutis,
1051 1674 1287 1725 Collegium
1336 1673 1609 1713 Gallarinium
1642 1687 1766 1712 nova-

200 1747 348 1793 riense‚
382 1746 555 1785 rectoris
588 1745 689 1789 vice,
725 1745 939 1784 biennium
983 1754 1046 1784 est
1089 1745 1341 1785 moderatus.
1387 1745 1483 1796 Quo
1522 1745 1562 1783 in
1595 1758 1766 1783 munere

203 1818 391 1857 omnium
424 1817 585 1856 animos
619 1817 698 1856 sibi
730 1817 932 1856 adiunxit.
958 1816 1117 1858 Studia,
1144 1816 1297 1867 quibus
1320 1824 1521 1867 praeerat,
1556 1816 1596 1854 in
1620 1815 1766 1854 melius

200 1889 405 1940 provexit.
441 1897 481 1927 et
528 1888 657 1926 multa
706 1888 941 1927 studiorum
991 1887 1274 1938 experimenta
1321 1886 1553 1925 exhibenda
1595 1886 1764 1931 curavit,

202 1960 353 2011 quibus
387 1960 592 1998 clarorum
638 1959 791 1997 civium
835 1958 1144 1997 novariensium
1184 1972 1248 1996 res
1281 1966 1421 2009 gestas
1464 1956 1767 1996 venustissimis

202 2031 542 2082 inscriptionibus
586 2030 723 2069 latinis
765 2030 995 2069 exornavit.
1041 2029 1224 2068 Vixdum
1273 2028 1496 2079 collegium
1535 2027 1766 2079 regendum

202 2111 454 2153 susceperat,
489 2116 618 2153 quum
654 2102 694 2140 in
728 2115 928 2152 magnum
962 2101 1070 2139 vitae
1103 2100 1324 2139 discrimen
1358 2098 1513 2137 incidit.
1549 2099 1767 2137 Nocturno

203 2183 405 2225 tempore,
440 2173 624 2218 sicarius,
660 2182 819 2212 secreto
852 2172 1074 2223 collegium
1100 2172 1325 2223 ingressus,
1361 2184 1489 2222 quum
1524 2169 1766 2209 Caietanum

203 2245 496 2288 Anceschium.
532 2244 697 2295 collegii
731 2258 1022 2288 oeconomum,
1053 2252 1178 2294 atque
1206 2242 1509 2288 administrum,
1545 2254 1668 2292 quem
1702 2254 1769 2290 pe-

205 2316 325 2356 cunia
358 2316 590 2367 exspoliare
625 2316 808 2367 parabat,
833 2316 941 2354 lecto
964 2315 1282 2354 decumbentem
1306 2314 1477 2352 adortus
1500 2320 1619 2355 esset.
1645 2320 1769 2362 atque

204 2388 319 2426 humi
344 2396 531 2429 stratum.
558 2387 698 2426 multis
726 2386 966 2425 vulneribus
989 2385 1242 2432 confossum,
1266 2385 1496 2423 exanimem
1521 2382 1767 2434 reliquisset,

205 2459 329 2498 etiam
364 2458 665 2497 Carminatium
701 2467 916 2499 rectorem.
952 2457 1010 2496 uti
1034 2457 1265 2508 perhibent,
1290 2456 1342 2494 ad
1376 2468 1518 2494 necem
1552 2452 1766 2505 quaesivit.

205 2530 263 2568 At
300 2528 413 2568 enim
461 2529 527 2568 hic
575 2529 805 2568 Taurinum
853 2528 987 2580 pridie
1035 2527 1257 2579 profectus,
1308 2525 1492 2565 nondum
1542 2523 1767 2563 Novariam

204 2601 382 2640 redierat
406 2604 483 2652 (2).

296 2672 480 2711 Novaria
514 2672 706 2711 Genuam
739 2671 863 2716 venit,
900 2670 1134 2710 studiorum
1169 2669 1469 2720 praefecturam
1504 2667 1544 2705 in
1578 2665 1769 2716 Collegio

208 2743 428 2784 Albertino
461 2743 763 2793 auspicaturus
797 2742 923 2780 Anno
958 2739 1203 2791 insequenti,
1239 2738 1467 2777 Taurinum
1516 2736 1766 2788 properavit,

206 2825 251 2854 ut
276 2814 427 2853 nostris
450 2813 771 2852 adolescentulis
795 2812 834 2850 in
858 2811 1036 2862 collegio
1061 2811 1136 2849 SS.
1163 2811 1395 2860 Martyrum
1418 2808 1579 2847 divinas
1610 2807 1767 2846 litteras

207 2887 562 2937 interpretaretur.
600 2883 706 2923 Inibi
739 2884 790 2922 ab
823 2882 1154 2933 Archiepiscopo
1187 2879 1507 2922 Taurinensium
1541 2878 1647 2916 inter
1678 2891 1769 2916 cen·
