1926 3200
866 248 1101 284 —39—

201 343 323 382 etiam
359 342 398 380 in
431 343 553 381 rebus
586 341 781 392 gerendis
814 341 1066 390 singularem
1103 340 1329 391 sapientiae
1352 341 1759 380 commendationem

201 422 263 453 est
310 422 569 452 consecutus.
606 414 699 464 Qua
746 413 797 451 de
832 426 873 451 re
907 413 1079 451 relatum
1130 411 1377 462 accepimus,
1428 426 1555 450 unum
1590 426 1640 450 ex
1673 412 1761 450 eius

202 483 534 523 moderatoribus
577 484 681 522 hanc
714 484 765 521 de
799 496 848 521 eo
892 482 1139 521 sententiam
1179 482 1421 533 protulisse:
1460 498 1481 519 «
1508 483 1587 522 Hic
1627 483 1763 521 adole-

199 568 316 594 scens
350 555 429 593 iam
464 554 496 593 is
529 562 602 600 est,
638 563 682 593 ut
714 568 844 604 pauca
877 568 900 592 a
933 553 1052 592 nobis
1077 553 1323 604 perdiscere,
1350 554 1527 604 plurima
1550 568 1650 593 vero
1685 568 1762 593 nos

199 626 350 664 docere
382 633 567 676 queat».
604 626 795 670 Romam,
830 632 1006 663 exeunte
1055 638 1164 662 anno
1209 636 1432 671 MDCCCLI,
1483 633 1545 664 est
1592 624 1760 670 accitus,

199 696 339 748 ibique
361 696 528 736 tertium
552 696 609 747 pii
632 695 809 734 tirocinii
833 709 986 733 annum
1006 695 1157 746 exegit.
1184 696 1280 745 Quo
1307 704 1465 741 exacto,
1491 695 1762 734 sollemnibus

200 768 418 819 religiosae
451 766 721 818 professionis
745 766 853 805 votis
877 766 1137 816 nuncupatis,
1170 766 1249 804 alio
1273 766 1436 817 privato
1459 780 1502 805 se
1526 766 1761 812 obstrinxit,

200 854 283 890 quo
317 839 511 877 nimirum
547 839 639 877 Deo
673 846 734 877 est
766 837 990 888 pollicitus,
1025 838 1258 876 dummodo
1301 838 1362 876 sui
1402 838 1688 876 moderatores
1722 837 1763 876 id

200 919 333 949 ratum
367 910 529 954 vellent,
564 922 608 947 se
641 908 680 946 in
714 908 1012 947 remotissimas
1051 907 1244 947 Sinarum
1279 907 1472 956 regiones
1516 908 1682 954 iturum,
1718 916 1764 947 ut

200 981 410 1032 ingentem
444 994 534 1019 eam
568 979 821 1030 populorum
856 978 1166 1018 multitudinem
1210 978 1378 1017 Christo
1421 979 1662 1017 lucraretur.
1699 979 1765 1017 In-

198 1060 309 1091 terea
341 1050 645 1089 nobilissimum
678 1049 714 1088 ei
749 1050 789 1088 in
822 1050 1043 1088 Athenaeo
1083 1049 1347 1100 Gregoriano
1380 1049 1666 1100 magisterium
1701 1058 1763 1088 est

199 1121 397 1159 oblatum.
434 1120 528 1158 Hoc
561 1127 699 1158 tamen
732 1132 816 1158 non
854 1119 1048 1170 suscepit,
1082 1133 1247 1158 causam
1293 1119 1554 1166 interserens,
1590 1133 1633 1158 se
1667 1119 1763 1158 huic

198 1191 367 1230 ferendo
401 1204 484 1229 non
517 1204 619 1229 esse.
656 1190 802 1241 Itaque
836 1189 875 1228 in
910 1190 1146 1241 Collegium
1190 1190 1464 1241 Scriptorum,
1505 1190 1569 1229 cui
1610 1204 1762 1229 nomen

200 1287 251 1291 —
286 1263 352 1300 La
390 1262 540 1300 Cz'viltci
578 1262 775 1300 Cattolzta
809 1285 861 1289 —-
896 1271 958 1300 est
1001 1261 1202 1308 adscitus3
1249 1261 1374 1312 idque
1412 1262 1594 1301 muneris
1628 1261 1764 1300 libens

197 1332 310 1379 adiit,
346 1333 461 1383 quod
494 1346 577 1371 non
611 1333 810 1379 oblatum,
846 1333 919 1371 sed
953 1332 1136 1371 delatum
1171 1331 1248 1371 sibi
1282 1340 1402 1371 esset.

291 1403 515 1450 Continuo,
551 1403 651 1455 quid
685 1403 906 1442 scribendo
939 1403 1100 1442 efficere
1143 1411 1319 1454 poterat,
1361 1403 1519 1442 cunctis
1568 1403 1762 1442 innotuit.

200 1475 307 1513 Nam
355 1475 407 1513 de
439 1474 613 1525 Virgine
662 1474 856 1525 Deipara,
901 1474 1004 1513 labis
1052 1474 1288 1525 primaevae
1338 1474 1530 1521 immuni;
1570 1475 1622 1513 de
1670 1489 1764 1526 pro-

199 1560 346 1597 gressu
380 1547 686 1598 philosophico,
712 1561 836 1598 quem
861 1561 1003 1586 recens
1026 1555 1138 1585 aetas
1161 1546 1237 1585 sibi
1261 1546 1366 1585 forte
1399 1546 1584 1597 polliceri
1618 1556 1763 1598 queat;

198 1618 335 1669 deque
367 1617 593 1669 principiis,
628 1618 781 1669 quibus
815 1626 925 1657 recta
959 1618 1175 1657 hominum
1220 1618 1425 1657 institutio
1469 1618 1587 1656 inniti
1621 1619 1759 1664 debet,

199 1698 294 1739 apte
342 1689 548 1735 disseruit,
599 1697 643 1728 ut
692 1689 793 1727 nihil
840 1703 986 1740 supra:
1036 1689 1197 1740 aliaque
1246 1690 1374 1728 multa
1415 1689 1598 1735 dictavit,
1633 1689 1765 1740 digna

199 1759 383 1805 omnino,
433 1774 539 1810 quae
572 1774 594 1798 a
627 1760 760 1799 doctis
793 1760 923 1799 oculis
972 1768 1237 1811 usurpentur.
1272 1761 1380 1798 Tum
1430 1774 1529 1799 vero
1573 1760 1761 1799 omnium

199 1830 453 1880 collegarum
489 1844 562 1868 ora
597 1830 636 1868 in
670 1844 764 1868 eum
798 1839 893 1868 sunt
931 1844 1142 1869 conversa.
1179 1830 1344 1869 Etenim
1389 1830 1445 1868 rei
1484 1830 1760 1881 theologicae,

200 1900 526 1951 philosophicae,
563 1900 891 1947 mathematicae,
926 1901 1136 1951 physicae,
1172 1901 1405 1947 historicae,
1451 1915 1497 1940 ac
1540 1901 1763 1940 litterariae

198 1985 323 2021 quam
357 1971 428 2022 qui
462 1971 640 2009 maxime
674 1971 844 2022 peritus,
879 1980 919 2010 et
951 1971 1228 2022 complurium
1258 1985 1497 2010 sermonum
1532 1972 1683 2019 sciens:
1709 1973 1761 2011 ad

198 2042 277 2080 hoc
309 2041 414 2092 piuS,
450 2042 591 2089 comis,
626 2041 766 2088 facilis,
802 2050 965 2092 spretor
998 2042 1074 2087 sui,
1114 2042 1288 2080 aliorum
1333 2043 1534 2089 laudator,
1575 2043 1763 2082 desidiae

197 2126 306 2159 osor,
341 2113 463 2151 officii
497 2112 689 2163 diligens,
739 2121 781 2151 et
828 2127 964 2151 rerum
1014 2113 1210 2163 prudens,
1261 2113 1366 2151 adeo
1400 2126 1443 2151 se
1476 2114 1636 2152 cunctis
1670 2128 1764 2164 pro-

134 2224 139 2227 ,
196 2185 320 2231 bavit,
356 2193 400 2224 ut
433 2185 473 2223 in
506 2199 595 2223 eam
630 2199 775 2224 omnes
808 2185 1058 2224 sententiam
1083 2185 1385 2229 descenderint,
1412 2200 1494 2236 qua
1528 2185 1643 2224 illum
1678 2200 1764 2225 mo-

196 2256 430 2294 deratorem
454 2255 771 2306 ephemeridum
794 2256 1092 2294 salutaverunt.
1119 2256 1165 2294 In
1188 2269 1272 2306 quo
1296 2270 1394 2294 sane
1417 2270 1569 2307 anceps
1595 2256 1762 2302 haereo,

199 2335 337 2365 utrum
370 2327 562 2373 electum,
598 2341 649 2365 an
683 2327 883 2365 electores
907 2326 1042 2377 magis
1065 2327 1241 2365 laudem.
1266 2327 1354 2365 Viri
1378 2327 1488 2365 enim
1518 2327 1761 2372 doctissimi,

199 2410 377 2448 quorum
410 2397 536 2448 aliqui
569 2397 621 2435 ad
654 2397 857 2448 grandem
896 2406 1073 2436 aetatem
1113 2397 1377 2443 devenerant,
1422 2406 1463 2436 et
1495 2397 1763 2448 amplissimis

199 2476 412 2519 praeterea
444 2468 484 2506 in
518 2477 660 2508 nostra
708 2469 916 2508 Societate
965 2468 1208 2507 muneribus
1241 2469 1444 2520 perfuncti
1488 2478 1616 2514 erant,
1654 2483 1764 2520 quos

200 2539 304 2577 inter
353 2539 612 2578 Brescianius
659 2548 699 2578 et
747 2539 1006 2590 Taparellius
1054 2540 1104 2578 ab
1143 2540 1289 2578 Azelio
1328 2541 1664 2586 numerabantur,
1717 2553 1761 2578 se

199 2617 311 2648 totos
345 2609 384 2647 in
418 2609 539 2648 unius
574 2610 748 2649 iunioris
781 2610 919 2656 fidem,
955 2610 1026 2661 qui
1051 2618 1244 2661 quartum
1268 2624 1314 2649 ac
1337 2610 1591 2649 tricesimum
1615 2610 1767 2649 aetatis

199 2693 353 2718 annum
386 2681 571 2719 nondum
605 2681 853 2732 expleverat,
890 2695 973 2719 uno
1007 2695 1078 2720 ore
1112 2690 1237 2732 atque
1270 2681 1408 2720 animo
1442 2690 1700 2732 receperunt.

287 2751 355 2796 At,
390 2764 498 2789 anno
545 2752 698 2802 elapso,
734 2766 784 2790 ex
816 2765 900 2802 quo
944 2751 1172 2790 Calvettius
1207 2751 1247 2790 id
1282 2765 1432 2789 munus
1482 2751 1639 2796 inierat,
1691 2752 1757 2790 vel

201 2821 315 2871 quod
347 2821 482 2859 minus
514 2822 736 2861 commoda
768 2822 1004 2861 valetudine
1049 2823 1251 2869 utebatur,
1286 2823 1350 2861 vel
1384 2823 1497 2873 quod
1530 2822 1765 2861 difficiliora

200 2891 377 2941 Collegii
411 2892 473 2930 sui
508 2894 727 2931 exstabant
761 2893 943 2937 exordia,
980 2893 1105 2931 nimia
1155 2893 1303 2931 virium
1353 2907 1452 2932 usus
1485 2893 1764 2940 contentione,
