1926 3200
780 163 1040 198 -161-

132 271 305 322 patiens,
341 278 385 308 ut
434 268 534 307 nihil
583 280 766 318 unquam
816 279 899 303 non
947 263 1093 315 egerit.
1137 264 1406 314 Quamquam
1442 263 1600 307 litteris,
1636 273 1701 312 vel

133 340 316 380 scientiis
365 338 601 382 tradendiS,
652 337 715 376 vel
765 336 977 374 sodalibus
1031 334 1299 373 moderandis
1353 342 1439 372 erat
1489 334 1695 379 intentus,

131 422 269 451 tamen
306 411 345 449 in
379 425 515 449 sacras
549 409 673 448 etiam
721 407 943 446 conciones
992 405 1190 444 incubuit.
1242 406 1414 444 Genuae
1453 405 1491 443 in
1526 405 1700 443 aedibus

131 483 271 522 Sancti
306 483 401 533 Syri
440 492 479 520 et
524 480 665 519 Sancti
701 477 925 523 Laurentii,
970 477 1144 528 aliisque
1178 477 1217 514 111
1253 476 1436 521 urbibus,
1482 490 1697 515 sermones

131 554 287 599 habuit,
321 562 361 592 et
394 553 483 604 pias
516 552 656 591 Sancti
683 549 814 589 Patris
841 548 990 598 Ignatii
1024 547 1342 586 exercitationes
1376 548 1499 593 cler0,
1525 548 1698 598 populo,

131 625 337 674 religiosis
359 623 648 662 sodalitatibus
671 630 711 660 et
734 620 897 659 familiis
920 632 1222 670 saepenumero
1246 619 1495 668 explanavit.
1532 618 1697 669 Quibus

133 697 172 734 111
207 696 446 734 muneribus
479 708 602 733 omne
635 693 727 731 tulit
752 700 965 742 punctum.
1003 691 1101 728 Erat
1134 690 1242 728 enim
1278 703 1417 727 sacrae
1436 689 1699 740 eloquentiae

132 767 347 806 consultus
370 765 608 816 plurimum,
643 762 886 814 perpolitus,
922 761 1107 804 festivus,
1143 761 1304 803 doctus,
1341 760 1541 803 eruditus,
1579 761 1701 798 vehe-

135 852 263 883 mens,
298 846 338 875 et
370 836 495 874 animi
530 834 713 873 motibus
757 833 985 871 excitandis
1020 832 1193 871 idoneus
1228 846 1351 882 quam
1393 831 1463 882 qui
1504 832 1696 870 maxime.

134 910 279 959 Itaque
312 921 434 945 nemo
468 914 567 948 erat,
601 904 667 943 cui
702 918 783 942 non
817 903 1132 954 acceptissimus
1166 910 1287 941 esset.

223 980 420 1017 Extremo
468 977 577 1015 vitae
621 985 822 1026 tempore,
869 975 931 1013 his
981 974 1221 1012 muneribus
1270 972 1493 1014 obeundis,
1545 982 1585 1011 et
1634 973 1704 1011 ad-

133 1048 270 1087 missis
293 1047 597 1099 poenitentium
626 1060 702 1097 pro
721 1059 838 1084 sacro
862 1044 1056 1084 tribunali
1081 1043 1311 1095 expiandis⁷
1338 1044 1392 1082 ita
1416 1057 1459 1082 se
1483 1043 1699 1094 applicuit,

133 1129 177 1158 ut
201 1134 325 1170 quam
359 1119 519 1157 firmam
543 1117 730 1168 corporis
753 1117 1035 1155 valetudinem
1069 1130 1092 1154 a
1125 1124 1271 1154 natura
1295 1114 1467 1153 sortitus
1498 1123 1598 1160 erat,
1635 1128 1704 1165 pe-

132 1191 242 1229 nitus
290 1189 506 1234 attriverit,
542 1197 582 1227 et
615 1187 816 1226 maturius
863 1186 1100 1225 decesserit.
1150 1187 1259 1224 Nam
1308 1195 1347 1224 et
1391 1186 1519 1223 multa
1554 1185 1700 1223 itinera

131 1261 230 1300 satis
249 1261 376 1311 longa
399 1260 529 1311 pedes
552 1259 755 1298 conficere
779 1258 950 1304 solebat:
977 1271 1051 1295 nec
1075 1256 1227 1295 ieiunia
1246 1270 1422 1297 servare,
1449 1270 1523 1294 nec
1546 1269 1700 1306 corpus

130 1332 273 1383 flagris
306 1330 526 1370 concidere
560 1344 744 1381 unquam
777 1329 950 1368 destitit.
987 1328 1214 1366 Enimvero
1252 1328 1329 1365 hos
1363 1327 1486 1366 etiam
1521 1327 1696 1372 labores,

131 1403 230 1454 quin
264 1402 387 1441 etiam
424 1401 614 1446 maiores,
650 1414 699 1439 eo
734 1400 825 1450 ipso
858 1413 980 1443 anno,
1016 1412 1100 1450 quo
1133 1398 1217 1437 vita
1250 1397 1438 1443 excessit,
1472 1397 1586 1435 adire
1613 1410 1697 1435 non

131 1473 354 1519 dubitavit;
390 1472 595 1523 siquidem
630 1485 703 1522 per
735 1471 823 1509 dies
858 1470 1012 1509 ieiunio
1046 1469 1383 1520 quadragenario
1417 1482 1569 1509 sacros,
1605 1481 1699 1506 con-

132 1545 272 1583 ciones
304 1543 448 1581 habuit
482 1542 660 1593 amplius
694 1541 922 1592 octoginta.

220 1616 332 1653 Inter
363 1613 451 1652 eius
499 1613 685 1657 virtutes,
735 1612 860 1650 animi
908 1611 1107 1650 demissio
1156 1610 1312 1661 primas
1346 1609 1450 1648 tulit.
1488 1609 1697 1657 Linguam

131 1685 313 1730 latinam,
348 1683 406 1722 uti
440 1683 671 1729 docuimus,
696 1682 885 1733 apprime
918 1683 1103 1729 tenebat;
1138 1695 1331 1732 graecam
1362 1695 1461 1719 vero
1494 1681 1600 1719 adeo
1623 1680 1700 1719 031-

130 1757 252 1801 lebat,
288 1763 332 1794 ut
364 1754 562 1805 epistolas
594 1753 647 1792 ad
680 1752 858 1791 amicum
893 1753 1059 1791 natione
1083 1766 1280 1803 graecum
1315 1751 1536 1789 hellenicas
1563 1751 1700 1796 daret;

133 1827 311 1866 italicam
347 1825 527 1876 denique
560 1824 731 1875 egregie
765 1833 956 1870 noverat,
992 1837 1168 1874 eamque
1201 1824 1255 1861 ob
1289 1837 1455 1861 causam
1490 1821 1702 1861 Antonius

134 1897 395 1936 Brescianius
429 1896 593 1947 aliique,
630 1895 759 1934 nostri
809 1895 1012 1933 sermonis
1060 1894 1336 1939 scientissimi,
1372 1908 1470 1932 suos
1503 1893 1539 1931 ei
1573 1893 1701 1931 libros

129 1968 439 2019 dignoscendos
473 1967 704 2005 tradebant.
741 1967 937 2004 Attamen
972 1965 1176 2003 Baronius
1220 1978 1433 2015 nunquam
1467 1963 1696 2002 celebritati

130 2039 309 2085 studuit;
345 2038 445 2089 quin
480 2038 564 2076 imo
598 2051 653 2081 se,
690 2036 862 2087 perinde
895 2050 941 2074 ac
964 2035 1116 2074 nullius
1140 2036 1393 2074 litteraturae
1417 2035 1545 2073 homo
1574 2042 1698 2079 esset,

128 2109 343 2160 despectui
377 2108 533 2147 habuit.
569 2107 804 2146 Conciones
837 2115 877 2145 et
910 2106 1103 2152 carmina,
1129 2114 1216 2144 tum
1251 2105 1389 2150 latina,
1425 2113 1513 2143 tum
1547 2103 1693 2149 italica,

128 2181 231 2218 mira
263 2188 349 2218 arte
382 2180 604 2224 elaborata,
654 2177 766 2228 apud
814 2192 857 2215 se
891 2178 1095 2222 servabat,
1131 2184 1278 2227 utpote
1321 2175 1391 2226 qui
1425 2183 1555 2214 artem
1592 2175 1698 2213 bene

126 2251 305 2296 dicendi,
340 2265 386 2289 ac
420 2249 642 2301 praecipue
676 2248 836 2300 poesim
870 2263 892 2286 a
926 2248 1059 2299 prima
1092 2256 1226 2286 aetate
1261 2247 1448 2298 impense
1481 2246 1694 2285 coluisset.

129 2323 354 2372 Nunquam
388 2330 526 2359 tamen
561 2319 700 2358 induci
735 2319 883 2370 potuit,
919 2328 962 2357 ut
1007 2333 1056 2357 ne
1096 2317 1313 2356 minimum
1348 2317 1516 2368 quidem
1551 2330 1572 2355 e
1606 2316 1692 2355 suis

127 2392 291 2443 scriptis
325 2392 485 2430 muneri
519 2392 648 2437 daret,
685 2404 769 2441 quo
803 2390 1032 2428 amicorum
1056 2389 1265 2428 desiderio
1298 2389 1451 2427 faceret
1483 2387 1595 2427 satis,
1621 2387 1690 2426 Ad

128 2464 218 2507 hoc,
254 2462 331 2501 nisi
364 2462 552 2501 utilitatis
576 2462 680 2500 ratio
714 2461 754 2499 id
788 2461 1030 2511 postularet,
1057 2460 1157 2498 1111111
1181 2474 1231 2498 ex
1254 2459 1342 2498 eius
1375 2474 1446 2498 ore
1480 2458 1686 2510 prodibat,

127 2534 242 2584 quod
274 2533 467 2572 eximiam
502 2533 612 2571 illam
646 2545 761 2570 suam
796 2531 981 2569 omnium
1016 2530 1328 2581 disciplinarum
1363 2529 1552 2580 peritiam
1591 2542 1702 2567 com-

126 2606 334 2656 probaret.
364 2605 491 2656 Quod
515 2612 555 2642 et
578 2604 618 2641 in
642 2602 789 2642 ceteris
813 2603 935 2640 rebus
961 2602 1245 2640 usuveniebat.
1273 2602 1460 2640 Fratrem
1490 2600 1526 2639 ei
1551 2600 1690 2646 fuisse,

126 2675 196 2726 qui
229 2676 364 2727 Aquis
397 2675 595 2715 Statiellis
621 2672 819 2712 Praefecti
844 2672 1083 2723 provinciae
1112 2672 1272 2711 vicibus
1295 2672 1531 2722 complures
1563 2683 1696 2708 annos

125 2746 365 2797 perfunctus
397 2755 518 2791 esset,
555 2754 643 2784 tum
677 2744 845 2782 demum
880 2757 902 2781 a
936 2743 1149 2781 sodalibus
1180 2752 1241 2781 est
1267 2751 1542 2793 compertum,
1569 2754 1698 2792 quum

126 2817 237 2856 idem
273 2817 373 2855 inibi
407 2817 474 2867 pie
510 2824 735 2866 sancteque
767 2813 959 2852 decessit.

1602 2911 1629 2927 11
