1926 3200
848 236 1107 269 —2oS-—

264 341 300 376 70
331 336 520 369 Elenzenls
546 336 594 377 of
612 336 880 377 Infinilesimal
907 337 1094 376 Calculus,
1123 337 1165 378 by
1191 337 1322 379 loseph
1359 338 1501 379 Batinna
1535 338 1573 370 S.
1603 337 1635 370 l.
1666 338 1760 370 Pro-

180 394 317 436 fessor
341 394 388 430 of
405 395 672 428 illatlzemaz‘ics
698 395 735 427 in
763 397 877 428 Sanla
908 396 1020 428 Clara
1052 396 1215 438 College.
1236 396 1353 428 Sanla
1375 395 1499 433 Clara,
1536 395 1760 438 Calisarnia.

193 453 268 486 San
299 453 516 494 Francisco,
545 454 593 487 A.
623 454 870 493 Waldteufel,
902 456 1005 496 1889,
1035 456 1088 494 80,
1117 465 1182 497 pp.
1213 456 1294 496 283.

263 516 300 545 δ”
328 513 364 545 Α
392 513 616 545 Discussion
644 513 733 546 with.
772 524 820 546 an
857 513 1006 555 [nfidel-
1044 513 1081 546 A
1122 514 1254 556 Replis
1293 515 1329 546 lo
1368 515 1444 546 Dr.
1475 515 1519 547 J..
1548 514 1760 547 Biiclzner's

189 572 309 605 Force
335 571 412 605 and
441 573 580 605 Matter
607 572 649 614 by
678 573 770 606 Rev.
799 573 831 605 l.
860 573 1005 614 Baiana
1032 572 1072 605 S.
1100 573 1147 609 l.,
1182 572 1345 606 London
1382 572 1456 605 and
1486 572 1756 614 Leamington,

190 632 261 664 Art
288 631 364 664 and
394 632 499 665 Book
527 632 741 674 Company,
774 634 861 673 1893
892 632 949 675 (Ρ),
978 634 1031 665 δ”.

259 698 297 731 9”
328 691 369 723 In
396 690 725 732 ephemeridibus,
745 701 844 732 quae
864 690 1123 724 inscribuntur
1150 691 1301 724 Lelters
1318 690 1395 722 and
1418 690 1574 723 A'ofz'ces
1600 690 1644 723 de
1662 691 1759 723 Roe-

188 751 365 792 lzamplon
392 751 439 783 T.
468 750 559 790 VII,
589 761 626 793 p.
656 752 777 791 58-60,
806 756 843 783 et
870 751 917 784 T.
945 750 1057 790 VIII,
1086 761 1125 793 p.
1156 760 1277 792 234-5,
1306 755 1456 783 exstant
1486 751 1650 792 Baymae
1683 749 1760 792 epi-

189 809 310 843 stolae
337 810 408 842 sub
435 809 545 843 annis
576 812 678 852 1869,
703 812 806 851 1872.

264 874 323 902 100
352 870 455 902 Dum
475 870 621 903 Romae
641 870 862 903 morabatur
882 869 1006 912 (annis
1028 871 1259 911 1850-51-525
1281 868 1399 902 multa
1418 868 1568 911 scripsit
1587 868 1623 901 in
1643 879 1760 911 opere

189 929 237 961 ab
264 928 435 962 Henrico
460 929 590 962 Vasco
615 929 809 971 evulgato,
838 928 897 962 cui
925 928 1057 961 titulus
1083 929 1122 961 ll
1145 928 1256 961 Ratio
1286 927 1510 961 Studiorum
1528 927 1697 960 adaltaio
1721 926 1762 960 ai

190 988 306 1030 fempi
330 987 465 1020 nostri.

264 1054 322 1080 11⁰
351 1046 558 1089 Complura
597 1047 754 1089 insuper
792 1046 913 1080 edidit
952 1046 988 1079 in
1029 1046 1330 1085 commentariis,
1366 1046 1506 1088 quibus
1532 1051 1589 1079 est
1616 1055 1758 1079 nomen

187 1106 395 1139 American
426 1106 592 1139 Caflzolic
622 1107 829 1148 Qnarterly
855 1105 1006 1139 Review
1033 1111 1120 1148 post
1147 1116 1289 1138 annum
1320 1114 1557 1138 MDCCCLXX.

260 1167 367 1199 Haec
394 1176 511 1208 opera
537 1165 655 1205 edita,
684 1165 862 1199 undecim
890 1176 1064 1204 numero,
1103 1170 1352 1198 recensentur
1379 1175 1400 1197 a
1426 1163 1761 1206 Sommervogelio

188 1225 224 1258 in
255 1224 484 1258 lfibliotlzeca
510 1225 785 1268 (Scrzplorumj
811 1223 1011 1257 Societatis
1049 1224 1147 1257 lesu.
1188 1223 1345 1257 Videsis
1383 1233 1482 1265 quae
1520 1223 1557 1256 in
1595 1224 1758 1265 Baymae

187 1284 314 1327 elogio
353 1283 401 1317 de
440 1284 497 1317 his
536 1284 770 1322 notavimus,
812 1282 1037 1326 praesertim
1064 1282 1113 1316 de
1139 1282 1273 1315 Studio
1300 1282 1519 1325 Relzgz'osae
1552 1281 1757 1324 Pet—‘fectio-

187 1344 256 1379 msc,
289 1343 338 1377 de
364 1343 583 1376 Meclmm'ca
611 1343 841 1379 molecnlari,
874 1347 911 1375 et
939 1341 987 1375 de
1015 1341 1171 1375 Henrici
1202 1342 1237 1374 V
1241 1342 1316 1375 asci
1347 1352 1464 1384 opere
1491 1341 1528 1374 in
1556 1340 1759 1374 Rationem

212 1402 442 1436 studiorum.

257 1463 355 1496 Sunt
381 1468 418 1495 et
446 1461 517 1495 alia
543 1472 662 1504 opera
688 1473 708 1494 a
738 1463 877 1504 Hayma
904 1460 1096 1503 evulgata,
1117 1471 1281 1503 quorum
1309 1460 1484 1494 notitiam
1511 1459 1756 1493 Sommervo—

186 1521 309 1564 gelius
336 1532 412 1554 non
441 1521 587 1554 habuit.
618 1521 725 1554 Haec
752 1520 951 1554 videlicet:

262 1588 320 1614 12⁰
348 1581 484 1624 Opella
510 1581 555 1614 de
580 1581 720 1614 lemdi
745 1580 837 1622 fine,
875 1591 990 1623 quam
1021 1590 1123 1613 anno
1162 1588 1399 1614 MDCCCLYH.
1433 1587 1688 1618 MDCCCLVIII,
1717 1577 1754 1611 in

184 1641 360 1682 ephebeo
389 1639 672 1673 l-lrictinoriensi
699 1639 940 1682 conscripsit,
968 1638 1182 1680 ediditque,
1211 1637 1337 1680 prouti
1357 1636 1485 1680 accepi
1504 1648 1525 1670 a
1543 1636 1756 1676 sodalibus,

185 1700 249 1742 qui
276 1711 323 1733 eo
350 1710 452 1733 anno
481 1699 692 1732 Brictinorii
720 1699 929 1741 degebant.

262 1772 319 1806 13‘·
348 1765 487 1807 Aliqua
522 1765 637 1798 etiam
676 1765 878 1806 evulgasse
918 1764 1035 1796 fertur
1074 1763 1111 1796 in
1147 1761 1459 1805 ephemeridibus
1491 1760 1755 1795 Brictinorien-

187 1825 307 1860 sibus.
348 1824 487 1866 quibus
527 1834 668 1857 nomen
694 1824 733 1856 ll
764 1823 858 1856 Vero
884 1822 1035 1856 Amico.
1076 1822 1319 1864 Quamquam
1358 1831 1450 1854 vero
1485 1825 1573 1853 sunt
1610 1819 1674 1862 qui
1713 1830 1758 1853 ea

185 1888 417 1926 tempestate
436 1883 648 1917 Brictinorii
665 1883 927 1921 morabantur,
944 1892 1070 1924 neque
1085 1887 1213 1914 tamen
1230 1881 1303 1914 hoc
1317 1879 1556 1923 exploratum
1571 1879 1753 1913 habuere.

264 1948 321 1983 14⁰
352 1943 548 1985 Integrum
575 1953 675 1984 opus
703 1943 762 1975 De
787 1941 1069 1978 fllallzemalica‚
1102 1940 1207 1983 quod
1250 1940 1287 1973 in
1327 1944 1455 1982 partes
1494 1938 1757 1979 distributum,

188 2012 371 2035 excusum
386 2008 444 2035 est
464 2001 500 2035 in
520 2001 614 2035 urbe
633 2001 775 2035 Sancto
796 2001 999 2034 Francisco
1018 2000 1054 2033 in
1075 1999 1279 2033 California
1298 1999 1345 2032 ab
1360 1998 1543 2038 Auctore,
1564 2002 1758 2040 postrema

187 2067 293 2104 parte
318 2066 492 2103 excepta,
520 2071 618 2103 quae
645 2060 722 2102 agit
761 2060 809 2093 de
842 2059 1076 2093 Mechanica.
1108 2059 1228 2098 Haec,
1256 2068 1303 2091 eo
1333 2057 1411 2090 vita
1436 2056 1581 2096 functo,
1613 2056 1756 2090 ibidem

189 2121 343 2164 prodiit.

265 2186 322 2221 15⁰
354 2179 546 2222 Cvcloidal
569 2179 786 2212 Functions.
818 2179 904 2211 Hoc
930 2188 1028 2220 opus
1055 2177 1202 2210 editum
1227 2180 1284 2209 est
1304 2180 1391 2218 post
1420 2176 1583 2218 Baymae
1608 2173 1756 2208 obitum

189 2241 236 2273 ab
267 2239 446 2273 instituto
472 2238 762 2272 Smithsoniano
789 2237 825 2270 in
854 2237 947 2270 urbe
974 2236 1147 2279 principe
1173 2235 1375 2269 Americae
1402 2234 1633 2268 foederatae.

264 2302 323 2333 16¹*
352 2299 484 2332 Exstat
512 2298 668 2331 demum
688 2298 852 2340 Baymae
870 2307 1022 2330 carmen
1043 2295 1286 2338 phaleucium
1313 2294 1350 2327 in
1377 2293 1515 2336 opella,
1543 2293 1603 2326 cui
1629 2297 1688 2326 est
1713 2292 1757 2325 ti-

190 2359 311 2392 tulus:
344 2358 468 2391 Isarae
503 2356 729 2390 Carminatz'i
752 2357 792 2389 S.
820 2356 853 2389 l.
882 2355 1115 2388 Auditorum
1144 2353 1400 2387 Clzeriensium
1423 2351 1599 2385 Carmina
1625 2352 1756 2385 Sacra.

192 2417 321 2451 Edidit
347 2417 522 2450 Salvator
558 2414 841 2458 Casagrandius
873 2426 919 2448 ex
954 2414 1091 2448 eadem
1127 2413 1332 2447 Societate.
1367 2411 1531 2445 Excudit
1557 2411 1757 2453 Augustae

190 2477 447 2510 Taurinorum
474 2475 701 2508 Vincentius
738 2475 855 2513 Bona,
893 2473 1008 2516 Regis
1037 2472 1168 2506 Italiae
1202 2470 1414 2505 officinator
1440 2469 1628 2509 librarius,
1656 2479 1757 2503 anno

191 2547 309 2571 ‹31313
329 2545 404 2570 CCC
424 2545 562 2570 xcvm.

260 2595 497 2637 Quamplura
522 2594 637 2628 etiarn
664 2598 870 2636 supersunt
897 2603 918 2625 a
946 2593 1085 2634 Bayma
1112 2595 1278 2629 exarata,
1310 2599 1409 2631 quae
1443 2598 1639 2630 nunquam
1667 2591 1756 2620 sunt

190 2655 306 2689 edita.
337 2654 544 2696 Praecipua
572 2658 661 2686 sunt
688 2653 794 2686 haec:

262 2716 300 2747 a)
330 2713 486 2746 Lesiom'
509 2712 550 2745 di
573 2713 692 2745 Sacra
719 2712 913 2744 Scrittura
953 2710 1105 2743 informo
1143 2709 1217 2741 alle
1255 2707 1432 2749 Profesie
1462 2705 1503 2738 di
1526 2705 1688 2745 Daniele
1711 2704 1758 2738 ed

190 2772 492 2815 all'Apocalisse,
526 2771 683 2805 recitate
709 2770 810 2813 negli
837 2769 924 2803 anni
957 2769 1085 2810 1852-S
1112 2767 1211 2800 nella
1238 2765 1456 2799 Cattedrale
1475 2765 1513 2798 di
1542 2764 1753 2798 Bertinoro.

217 2857 221 2860 .
262 2833 296 2864 b)
325 2830 574 2864 Novas-sensis
616 2829 777 2871 Collegii
813 2831 850 2862 el
891 2827 1088 2862 Convictus
1128 2825 1317 2862 Historia,
1361 2835 1479 2857 annos
1513 2824 1757 2866 complectens

195 2894 425 2933 1839-40-41.
