1926 3200
866 214 1125 239 -112—

205 318 329 355 quam
379 306 627 345 valetudinis
676 320 886 351 vocamus,
923 307 998 346 sibi
1033 307 1102 345 uni
1136 307 1383 353 vindicabat,
1429 318 1470 348 et
1509 309 1768 350 infirmorum

205 389 344 414 curam
378 376 643 427 suscipiebat.
680 377 821 428 Quum
855 378 953 416 olim
988 378 1064 417 iter
1100 378 1253 417 faciens
1296 379 1542 426 rescivisset,
1579 381 1622 419 P.
1659 382 1769 420 Iose-

205 447 334 496 phum
370 448 602 487 Caruanam
637 448 677 486 in
711 463 882 499 gravem
917 449 1109 488 morbum
1144 449 1349 497 incidisse,
1380 452 1591 502 extemplo
1624 452 1689 490 via
1711 452 1770 491 di-

206 519 339 564 vertit,
375 519 553 558 ducenta
601 534 799 570 passuum
849 520 975 559 millia
1022 521 1186 572 magnis
1235 521 1451 561 itineribus
1498 523 1686 570 confecit,
1731 523 1768 562 ei

204 588 320 628 affuit
353 604 563 641 praesens,
598 599 638 629 et
673 591 885 630 infirmarii
920 591 1048 630 instar
1081 600 1248 642 praesto
1286 592 1374 639 fuit,
1409 601 1453 632 ut
1486 594 1609 632 etiam
1643 603 1769 633 noctu

205 675 323 700 secus
357 661 444 700 eius
478 662 606 713 pedes
640 662 755 701 humi
788 672 941 702 stratus
975 664 1181 711 cubuerit,
1226 677 1363 715 neque
1395 672 1515 703 antea
1547 665 1599 703 ab
1631 679 1681 704 eo
1714 665 1771 704 di-

208 733 413 779 scesserit,
449 748 588 784 quam,
614 743 710 785 post
734 734 943 785 integrum
968 748 1167 781 mensem,
1193 735 1280 773 eius
1304 736 1585 774 valetudinem
1620 735 1660 774 in
1683 744 1773 775 tuto

204 803 383 853 positam
402 805 661 856 cognoverit.
688 806 781 844 Hoc
801 805 910 843 idem
930 805 1077 844 ceteris
1098 805 1195 851 suis,
1220 805 1291 857 qui
1309 820 1486 857 peregre
1508 807 1692 857 graviter
1714 807 1771 845 in-

202 874 475 919 firmarentur,
512 885 722 927 praestare
745 885 1029 916 consueverat.
1056 877 1231 916 Sodales
1254 877 1412 928 aliquid
1436 885 1656 928 peccantes
1679 892 1770 917 sua-

181 946 308 985 -viter
340 947 568 986 admodum
603 948 655 986 de
688 947 824 987 officio
847 948 1112 994 admonebat,
1137 947 1346 987 interdum
1371 949 1512 995 verbo,
1538 957 1579 987 at
1602 949 1768 1000 saepius

202 1017 380 1068 scripto;
435 1019 592 1069 quippe
645 1033 790 1057 eorum
843 1019 1032 1065 vultum,
1086 1019 1249 1070 pudore
1301 1018 1533 1065 suffusum,
1583 1020 1769 1071 aspicere

202 1102 284 1127 non
319 1098 494 1139 poterat,
530 1089 629 1140 quin
663 1098 704 1128 et
737 1090 825 1141 ipse
858 1090 1133 1136 erubesceret,
1168 1089 1471 1141 indoleretque.
1508 1091 1570 1129 Ita
1603 1090 1712 1129 enim
1745 1105 1768 1129 a

203 1168 348 1198 natura
381 1169 647 1211 comparatus
680 1169 779 1207 erat,
815 1169 859 1199 ut
891 1161 1095 1212 gauderet
1128 1175 1222 1199 cum
1251 1160 1544 1212 gaudentibus,
1579 1169 1620 1200 et
1652 1162 1768 1201 fleret

202 1245 294 1269 cum
329 1231 535 1270 flentibus.
572 1232 715 1270 Munia
748 1232 972 1271 abiectiora
1006 1246 1104 1283 prae
1137 1231 1285 1271 ceteris
1308 1231 1524 1283 diligebat.
1560 1233 1701 1283 Quum
1726 1233 1767 1271 in

201 1302 373 1340 domum
408 1303 617 1353 quandam
652 1312 889 1342 nostrorum
924 1303 1131 1342 sodalium
1166 1302 1359 1349 venisset,
1395 1311 1439 1341 ut
1472 1316 1563 1341 eam
1596 1317 1673 1354 pro
1696 1317 1767 1354 po-

202 1381 349 1412 testate
383 1387 580 1424 praesens
613 1373 820 1419 inviseret,
856 1388 991 1425 neque
1023 1374 1103 1413 hoc
1142 1388 1313 1412 munere
1352 1374 1427 1413 rite
1460 1374 1576 1425 fungi
1610 1383 1765 1425 posset,

202 1446 317 1496 quod
351 1458 508 1491 omnes,
544 1453 633 1484 tum
666 1445 810 1492 nostri,
846 1454 933 1484 tum
968 1445 1201 1497 indigenae,
1247 1444 1384 1484 tritico
1426 1445 1651 1484 exterendo
1685 1445 1765 1483 iam

201 1525 340 1555 essent
392 1515 551 1567 parati,
606 1530 678 1555 eos
732 1525 794 1555 est
853 1530 1007 1567 percon
1020 1525 1162 1563 tatus,
1224 1530 1323 1554 num
1377 1515 1508 1555 labori
1561 1516 1767 1566 explendo

200 1587 425 1638 quisquam
459 1588 636 1626 deesset.
673 1587 813 1638 Quum
847 1586 1076 1626 audivisset
1123 1600 1305 1638 coquum
1354 1585 1603 1633 desiderari,
1641 1600 1663 1625 «
1688 1587 1763 1633 En,

200 1658 355 1709 inquit,
406 1658 632 1697 hominem.
684 1659 892 1709 Equidem
942 1657 1066 1709 coqui
1117 1666 1255 1709 partes
1303 1658 1481 1708 explebo
1507 1672 1543 1696 ›>.
1595 1658 1762 1709 Itaque,

197 1730 356 1769 cunctis
389 1730 722 1780 obstupentibus,
759 1738 799 1768 et
832 1730 983 1768 frustra
1006 1729 1315 1775 reluctantibus,
1341 1743 1416 1780 per
1439 1728 1622 1767 triduum
1645 1743 1764 1780 pran-

198 1801 312 1840 dium
336 1801 556 1840 accuravit.
584 1802 677 1840 Hoc
700 1802 869 1840 demum
893 1801 944 1839 de
970 1801 1129 1840 Giorda
1152 1815 1174 1839 a
1198 1800 1447 1851 quibusdam
1476 1800 1760 1851 praedicatum

197 1872 349 1923 accepi,
385 1873 500 1924 quod
534 1872 622 1911 eius
656 1872 782 1911 animi
832 1872 1129 1911 demissionem
1179 1885 1436 1923 magnopere
1484 1872 1762 1910 commendat.

198 1943 406 1982 Nimirum
442 1944 535 1982 Deo
578 1943 705 1989 vovit,
757 1958 800 1982 se
848 1944 998 1982 domus
1042 1942 1308 1989 moderatori,
1359 1942 1399 1980 in
1448 1956 1529 1993 qua
1576 1943 1760 1993 degeret,

196 2015 235 2053 in
269 2015 462 2053 omnibus
496 2016 897 2065 obtemperaturum,
944 2028 1050 2065 quae
1095 2028 1212 2053 suam
1257 2014 1548 2053 auctoritatem
1592 2013 1762 2051 minime

196 2094 444 2136 spectarent,
480 2087 554 2125 sed
589 2086 796 2137 privatum
841 2085 1054 2125 hominem
1096 2085 1361 2136 respicerent.
1408 2085 1538 2123 Porro
1582 2084 1762 2135 Iosepho

196 2158 424 2202 Caruanae,
460 2157 543 2208 qui,
579 2158 654 2196 hac
688 2172 731 2196 re
763 2157 945 2208 cognita,
981 2171 1075 2196 eum
1101 2158 1277 2196 Sanctae
1310 2156 1504 2194 Teresiae
1529 2154 1675 2194 Matris
1708 2155 1762 2193 le-

193 2229 348 2280 giferae
395 2229 633 2280 exemplum
668 2228 818 2268 imitari
852 2229 1152 2275 affirmavisset,
1188 2227 1368 2273 subrisit,
1404 2241 1478 2266 nec
1529 2226 1758 2277 quidquam

194 2300 409 2350 respondit
430 2306 507 2348 (5).

284 2371 329 2408 ln
364 2379 447 2409 tam
482 2370 722 2421 longinquis
766 2370 1020 2421 regionibus,
1056 2378 1096 2408 et
1129 2370 1180 2408 ab
1213 2368 1399 2408 omnium
1442 2367 1756 2418 disciplinarum

193 2443 305 2481 cultu
338 2442 670 2487 abhorrentibus,
707 2441 864 2480 Giorda
898 2455 980 2480 non
1004 2441 1164 2479 minore
1194 2439 1418 2485 doctrinae,
1454 2452 1578 2490 quam
1612 2438 1758 2477 sancti-

196 2513 289 2552 tatis
324 2513 431 2551 fama
464 2513 621 2552 claruit.
657 2513 834 2551 Crebras
877 2511 1184 2562 disputationes
1217 2511 1270 2549 de
1302 2509 1503 2560 religione
1542 2508 1756 2554 catholica,

195 2583 437 2635 praesertim
471 2584 522 2622 de
556 2583 736 2622 Romani
772 2582 984 2621 Pontificis
1018 2581 1263 2620 auctoritate
1296 2594 1342 2619 ac
1375 2579 1545 2625 iuribus,
1580 2593 1674 2618 cum
1708 2578 1756 2617 iis

193 2654 409 2693 haereticis
432 2654 589 2699 habuit,
615 2653 685 2705 qui
710 2653 865 2693 Christi
889 2652 1009 2692 ovilis
1033 2661 1222 2703 pastores
1246 2665 1289 2689 se
1308 2658 1550 2700 nuncupant
1573 2648 1754 2700 quidem,

193 2739 234 2763 re
267 2734 404 2763 autem
439 2739 535 2763 vera
583 2725 682 2775 lupi,
733 2724 875 2763 ovium
926 2723 1104 2775 pellibus
1154 2721 1300 2767 induti,
1335 2720 1574 2771 appellandi
1607 2720 1754 2758 forent.

194 2797 296 2841 Hos,
332 2810 409 2847 pro
443 2811 489 2834 ea
523 2810 605 2847 qua
637 2796 821 2846 pollebat
868 2795 1107 2834 divinorum
1141 2793 1365 2832 Librorum
1413 2791 1597 2837 scientia,
1632 2790 1753 2841 plane

190 2868 376 2906 confecit.
414 2868 495 2918 Qui
530 2868 718 2907 subinde.
754 2868 808 2905 ob
852 2865 1064 2917 religionis
1110 2864 1378 2908 inscientiam,
1420 2875 1583 2901 morum
1618 2860 1751 2912 pravi-
