1926 3200
905 864 999 902 VII.

598 1081 944 1131 TlssERlvs
1008 1082 1306 1130 SAGRlNl

178 1466 602 1576 FORI-CORNELII
638 1465 677 1503 in
714 1465 892 1504 Aemilia
925 1473 987 1503 est
1010 1472 1127 1503 ortus
1150 1463 1392 1515 parentibus
1415 1462 1736 1505 honestissimis,

302 1552 410 1576 anno
444 1537 668 1576 christiano
703 1548 922 1581 MDCCCVI,
958 1545 1084 1587 atque
1118 1536 1223 1574 inter
1267 1535 1422 1574 tirones
1462 1543 1627 1572 nostrae
1662 1534 1736 1571 So-

170 1608 328 1647 cietatis
376 1617 617 1659 cooptatus,
667 1621 776 1646 anno
824 1607 969 1646 aetatis
1018 1607 1239 1652 vicesimo,
1290 1606 1452 1644 Romae
1495 1605 1547 1643 ad
1591 1603 1733 1643 Sancti

173 1680 365 1718 Andreae
399 1679 438 1718 in
473 1688 613 1718 monte
648 1679 865 1730 Quirinali.
900 1678 1115 1717 Tirocinio
1138 1686 1295 1721 exacto,
1322 1677 1436 1728 quod
1468 1684 1554 1715 erat
1587 1675 1734 1714 litteris

174 1751 361 1789 excultus
394 1750 631 1801 plurimum,
668 1751 905 1800 Augustam
940 1749 1220 1788 Taurinorum
1255 1748 1362 1786 illico
1396 1756 1458 1786 est
1491 1746 1654 1789 missus,
1691 1754 1736 1784 ut

174 1836 258 1860 rem
292 1821 606 1873 grammaticam
640 1822 820 1867 doceret,
857 1821 982 1872 idque
1006 1821 1188 1859 muneris
1212 1819 1530 1871 quadriennium
1564 1818 1736 1869 egregie

171 1893 364 1944 explevit.
401 1892 533 1938 Poesi,
569 1892 812 1943 praesertim
846 1893 1077 1937 vernacula,
1113 1892 1341 1930 admodum
1375 1891 1669 1935 delectabatur,
1695 1897 1735 1928 et

173 1963 355 2002 carmina
388 1964 607 2014 perpulcra
654 1977 703 2001 ex
752 1972 941 2013 tempore
974 1963 1172 2001 fundebat
1196 1964 1273 2013 (t).
1310 1963 1453 2007 Porro,
1489 1975 1573 2012 quo
1606 1959 1736 1998 divini

175 2034 288 2072 verbi
322 2047 472 2084 praeco
506 2033 691 2084 optimus
734 2034 941 2079 evaderet,
977 2043 1106 2072 artem
1151 2033 1373 2072 oratoriam
1419 2030 1646 2082 impensius
1680 2029 1738 2068 di-

173 2104 285 2143 dicit.
322 2105 448 2155 911061
483 2104 522 2142 111
556 2104 700 2154 patria,
736 2112 959 2154 antequam
994 2104 1100 2142 inter
1133 2112 1298 2142 nostros
1336 2102 1500 2141 sodales
1534 2101 1738 2140 adscribe-

174 2185 297 2221 retur,
333 2176 607 2226 philosophos
631 2175 711 2213 iam
744 2175 971 2220 audiverat,
998 2175 1150 2213 idcirco
1175 2175 1405 2212 litterarum
1439 2171 1734 2211 tradendarum

172 2247 376 2285 curriculo
409 2247 587 2296 expleto,
623 2246 794 2285 Genuae
828 2246 880 2284 ad
915 2260 1072 2284 sacram
1118 2244 1373 2295 theologiam
1416 2244 1734 2294 perdiscendam

173 2317 356 2355 animum
391 2317 563 2367 appulit,
598 2326 640 2356 et
673 2317 908 2355 sacerdotio
941 2325 1004 2355 est
1039 2315 1274 2367 insignitus.

266 2387 375 2426 Hinc
400 2387 626 2426 Novariam
651 2396 713 2426 est
736 2387 903 2433 accitus,
929 2396 972 2426 ut
1002 2386 1131 2426 divini
1154 2387 1268 2425 verbi
1293 2386 1445 2437 pabulo
1469 2385 1735 2424 christianam

175 2458 337 2509 plebem
372 2459 569 2504 reficeret,
605 2467 645 2497 et
679 2472 803 2509 quam
837 2467 967 2497 artem
993 2458 1221 2497 studiosius
1250 2457 1456 2503 coluisset,
1490 2457 1528 2495 in
1563 2457 1638 2494 hac
1672 2470 1737 2494 ex-

175 2530 332 2579 templo
366 2543 409 2567 se
443 2538 666 2568 exerceret.
694 2530 840 2580 Itaque
863 2529 1040 2568 oratoris
1064 2543 1214 2567 munus
1237 2529 1475 2579 adgressus,
1500 2527 1736 2566 facundiam

177 2613 293 2637 suam
327 2600 438 2650 apud
471 2600 751 2638 Novarienses
785 2601 1014 2638 luculenter
1036 2599 1338 2650 comprobavit.
1365 2600 1525 2638 Exinde
1550 2599 1735 2645 Genuae,

176 2678 217 2708 et
251 2671 468 2720 Augustae
492 2670 773 2709 Taurinorum
799 2671 946 2709 iterum
972 2670 1206 2721 iterumque
1229 2679 1291 2709 est
1314 2670 1596 2715 concionatus,
1631 2670 1738 2708 adeo

177 2749 221 2779 ut
244 2741 508 2791 eloquentiae
532 2741 640 2780 fama
663 2742 774 2792 apud
799 2742 1051 2792 Subalpinos
1069 2750 1109 2780 et
1128 2741 1305 2792 Ligures
1329 2742 1507 2780 maxime
1530 2740 1735 2779 claruerit.

176 2811 456 2850 Taurinenses
494 2811 649 2850 diutius
688 2826 782 2850 eum
822 2811 861 2850 in
900 2812 1057 2862 templo
1095 2812 1344 2851 Sanctorum
1386 2813 1616 2862 Martyrum
1656 2825 1738 2849 am-

177 2880 375 2931 plissimo,
411 2882 767 2932 nobilissimoque,
803 2892 1066 2933 perorantem
1101 2883 1332 2929 audierunt,
1364 2890 1736 2933 suspexeruntque.

181 2952 286 2990 Illud
320 2951 418 2990 inibi
452 2962 684 2991 memoratu
718 2953 907 3002 dignum.
946 2954 1092 2992 Petrus
1124 2955 1362 2993 Alexander
1393 2953 1576 2997 Parada,
1613 2953 1739 2991 iader-
