1926 3200
863 249 1123 284 —226—

204 351 437 390 litterarum
456 350 758 389 humanitatem
778 364 852 401 per
865 365 1019 389 annum
1034 360 1095 389 est
1109 351 1368 390 infmmatus.
1390 353 1578 391 Praealta
1596 366 1642 390 ac
1661 367 1775 403 prae-

206 422 346 461 valida
378 421 544 473 pietatis
577 421 849 460 fundamenta
882 421 988 465 iecit,
1023 431 1063 460 et
1096 422 1303 473 propositi
1346 432 1481 467 tenax,
1517 423 1776 462 constantiae

203 502 246 533 et
280 493 376 532 fidei
409 493 601 544 exempla
649 493 841 544 praebuit
888 493 1229 532 luculentissima.
1274 495 1382 532 Nam
1421 494 1606 537 diutinis.
1642 495 1776 546 iisque

204 564 485 604 acerbissimis
518 565 644 603 animi
679 565 908 615 angoribus
942 574 1137 609 tentatus,
1172 565 1249 604 hos
1282 580 1428 604 omnes
1466 566 1627 605 fortiter
1659 581 1777 618 supe-

204 635 325 675 ravit.
378 635 568 674 Subinde
615 635 848 673 Taurinum
896 644 959 674 est
996 635 1161 678 missus,
1197 644 1238 675 et
1271 636 1311 674 in
1346 637 1538 687 Collegio
1571 637 1777 676 Convictu

205 706 425 745 Nobilium
460 720 547 744 rem
581 706 899 757 grammaticam
945 706 1107 745 naviter
1149 707 1334 746 tradidit.
1371 708 1466 746 Hoc
1499 716 1689 758 tempore
1723 708 1780 746 iu-

203 778 344 817 niores
377 777 587 822 rhetorici,
623 791 731 828 quos
764 777 905 816 Cherii
939 778 1251 828 condiscipulos
1284 779 1498 821 habuerat,
1533 779 1690 830 quique
1724 779 1780 818 in-

201 847 392 887 credibili
426 847 516 886 eius
549 847 761 886 desiderio
795 847 1056 891 tenebantur,
1088 847 1246 886 litteras
1269 848 1429 892 latinas,
1455 862 1577 887 verso
1611 849 1779 900 eloquio

200 919 515 971 elegantissime
550 920 820 970 conscriptas.
856 919 908 957 ad
941 933 1035 957 eum
1060 920 1225 958 (ledere.
1252 921 1343 958 Hae
1368 934 1506 970 porro.
1543 920 1602 959 uti
1636 934 1779 959 monu-

203 999 392 1030 mentum
426 990 659 1042 exquisitae
692 990 920 1032 latinitatis,
946 991 1263 1029 benevolentiae
1301 999 1427 1041 atque
1460 990 1780 1029 existimationis

203 1070 446 1101 nostrorum
481 1062 689 1101 sodalium
713 1076 814 1113 erga
849 1063 1072 1105 Francum.
1102 1076 1152 1100 eo
1176 1062 1256 1100 iam
1281 1062 1364 1100 vita
1387 1062 1544 1105 functo,
1581 1062 1620 1100 in
1645 1063 1777 1101 lucem

202 1134 342 1172 editae
375 1142 484 1172 sunt.

292 1204 466 1243 Taurini
490 1218 644 1242 annum
664 1213 960 1248 commoratus,
983 1204 1107 1242 Iriam
1125 1203 1354 1247 contendit,
1375 1204 1443 1242 ubi
1470 1204 1619 1242 iterum
1643 1219 1779 1255 gram—

203 1275 411 1319 maticam,
447 1275 544 1314 dein
578 1275 737 1314 litteras
771 1274 988 1326 politiores
1021 1274 1176 1319 docuit,
1211 1283 1263 1317 et,
1290 1275 1457 1313 biennio
1491 1275 1646 1325 elapso.
1672 1276 1778 1314 Tau-

203 1347 340 1385 rinum
374 1355 437 1385 est
470 1360 699 1398 regressus,
735 1355 780 1384 ut
812 1346 1090 1397 philosophos
1113 1346 1286 1385 audiret.
1313 1347 1491 1384 Duobus
1524 1356 1621 1396 post
1644 1347 1774 1393 annis,

202 1417 422 1457 Calaribus
456 1417 496 1456 in
531 1417 736 1463 Sardinia,
773 1417 813 1455 in
844 1417 1037 1468 Collegio
1066 1418 1107 1456 S.
1140 1417 1359 1462 Teresiaeg
1380 1417 1522 1455 rhetor
1551 1417 1775 1455 triennium

201 1489 363 1528 exstitit
395 1502 653 1540 magnopere
686 1489 942 1539 probandus.
979 1488 1075 1539 Quo
1109 1497 1268 1533 exacto,
1301 1489 1481 1526 Romam
1517 1496 1580 1526 est
1612 1488 1775 1535 missus,

202 1569 248 1599 ut
281 1561 322 1599 in
345 1561 566 1600 Athenaeo
591 1560 856 1611 Gregoriano
880 1574 1020 1598 sacrae
1044 1560 1282 1611 theologiae
1306 1573 1477 1610 operam
1503 1559 1774 1610 impenderet.

201 1631 435 1683 Egregium
475 1645 574 1670 sane
613 1631 692 1670 hoc
732 1631 807 1670 fuit
849 1631 937 1670 eius
982 1630 1138 1681 ingenii
1183 1630 1483 1669 testimonium.
1523 1631 1630 1669 Nam
1670 1631 1776 1670 hanc

200 1703 242 1741 in
276 1703 435 1748 urbem,
471 1703 584 1741 orbis
617 1702 809 1741 catholici
858 1711 898 1741 et
947 1716 1156 1740 sacrarum
1195 1701 1507 1752 disciplinarum
1544 1702 1774 1753 principem

200 1788 248 1813 ac
282 1774 538 1825 magistram,
565 1788 614 1813 ex
636 1774 727 1812 aliis
750 1773 978 1825 provinciis
1011 1788 1033 1812 a
1067 1773 1221 1812 nostris
1255 1773 1591 1812 moderatoribus
1621 1773 1776 1812 studio-

200 1860 292 1885 rum
325 1859 448 1884 causa
482 1845 589 1884 mitti
627 1845 829 1891 solebant,
855 1854 900 1884 ut
933 1845 1029 1884 alibi
1064 1845 1297 1888 docuimus,
1323 1844 1393 1895 qui
1426 1843 1595 1895 ingenio
1629 1845 1776 1883 ceteris

199 1925 413 1968 praestare
445 1924 728 1955 censerentur.
769 1917 918 1967 Neque
957 1930 1056 1955 sane
1095 1917 1280 1955 Francus
1325 1930 1496 1954 suorum
1536 1915 1775 1966 praesidum

200 1988 445 2039 opinionem
478 1987 638 2033 fefellit:
674 1988 831 2038 quippe
866 1988 1092 2038 theologus
1116 1987 1299 2026 numeris
1332 1987 1526 2025 omnibus
1560 1987 1776 2025 absolutus

199 2059 345 2098 evasit.

289 2130 536 2169 Sacerdotio
586 2129 829 2181 insignitus,
888 2138 929 2168 et
972 2129 1207 2168 studiorum
1256 2129 1507 2167 curriculum
1559 2141 1773 2174 emensus,

201 2201 242 2239 in
283 2201 429 2239 urbem
464 2200 663 2239 Cherium
712 2210 774 2239 est
823 2201 1059 2251 profectus,
1097 2200 1166 2238 ubi
1200 2201 1375 2238 alterum
1424 2199 1595 2250 pietatis
1643 2198 1779 2237 tiroci-

200 2271 330 2318 nium,
351 2271 411 2310 uti
431 2280 574 2310 nostra
592 2271 669 2310 fert
687 2272 963 2313 consuetudo.
986 2280 1220 2322 perageret:
1246 2270 1481 2316 conciones,
1507 2284 1610 2320 quas
1629 2278 1779 2308 vocant

202 2344 342 2382 Bonae
377 2343 540 2389 Mortis,
567 2343 607 2381 in
633 2343 790 2394 templo
811 2343 1056 2381 Antoniano
1079 2343 1132 2381 ad
1156 2342 1358 2393 populum
1384 2342 1568 2383 haberet.
1597 2340 1777 2380 Sanctis-

198 2414 293 2453 simi
328 2414 479 2454 Cordis
514 2415 621 2459 Iesu,
657 2423 698 2453 et
732 2414 1005 2453 Beatissimae
1029 2413 1217 2464 Virginis
1241 2412 1392 2451 Cordis
1426 2411 1680 2450 immaculati
1714 2426 1775 2449 so-

196 2485 442 2524 dalitatibus
466 2494 690 2536 praeesset„
717 2494 757 2524 et
782 2493 1023 2523 nostrorum
1043 2483 1249 2522 sodalium
1274 2482 1572 2521 conscientiam
1597 2490 1773 2533 regeret.

197 2555 318 2594 Brevi
343 2565 482 2595 tamen
506 2565 603 2607 post
627 2564 817 2606 tempore
842 2555 881 2593 in
906 2555 1084 2595 Galliam
1109 2554 1291 2596 devenit,
1317 2562 1360 2592 ut
1394 2553 1505 2591 idem
1530 2552 1771 2591 tirocinium

194 2626 432 2665 conficeret.
469 2627 565 2677 Quo
614 2626 823 2672 confecto,
864 2625 1095 2664 Taurinum
1144 2625 1196 2663 ad
1239 2626 1491 2663 Sanctorum
1539 2624 1771 2674 Martyrum

197 2706 263 2736 est
295 2698 532 2743 accersitus,
583 2706 639 2743 ut,
690 2698 767 2736 hac
816 2698 856 2735 in
890 2697 993 2735 aede
1027 2696 1365 2747 splendidissima
1414 2694 1772 2746 amplissimaque,

199 2769 508 2808 concionatoris
542 2769 668 2807 annui
717 2768 852 2807 officio
901 2768 1158 2819 fungeretur.
1196 2768 1290 2805 Hoc
1338 2780 1509 2804 munere
1549 2766 1617 2804 vix
1655 2765 1769 2809 inito,

201 2853 331 2889 quum
365 2853 475 2878 anno
510 2851 821 2878 MDCCCXLVIH
854 2838 983 2877 nostri
1008 2838 1184 2881 sodales,
1210 2838 1264 2876 ob
1287 2836 1429 2876 civiles
1463 2837 1617 2880 turbas,
1643 2849 1664 2874 e
1688 2835 1772 2873 suis

198 2908 394 2947 domibus
427 2910 601 2960 expulsi,
639 2909 713 2948 hac
749 2909 839 2947 illac
873 2908 1046 2950 abirent.
1084 2908 1124 2946 in
1158 2921 1314 2958 pagum
1350 2906 1591 2957 provinciae
1624 2905 1771 2956 lugdu-
