1926 3200
810 212 1071 249 ,ηὸ-

245 310 393 360 Neque
427 308 562 347 minus
595 306 720 346 animi
754 305 1006 345 demissione
1039 305 1178 347 eluxit,
1205 319 1286 356 qua
1310 304 1516 348 nimirum,
1543 311 1587 342 ut
1609 301 1720 354 quis-

156 394 237 432 que
285 394 334 419 eo
383 380 526 419 intime
575 380 778 422 utebatur.
830 378 886 417 ita
919 377 1032 416 illum
1067 391 1191 428 quam
1236 376 1412 415 maxime
1450 374 1716 426 suspiciebat.

160 451 300 502 Quum
333 452 577 490 Assistentz's
610 449 753 489 Italiae
787 462 937 487 munus
969 447 1231 499 explevisset,
1266 446 1483 486 confestim
1516 446 1568 484 ad
1591 445 1721 496 pedes

160 521 331 560 Henrici
374 522 510 562 Vasci.
545 521 695 560 domus
720 520 1010 571 prafessorzcm
1053 531 1247 557 romanae
1289 516 1533 563 administri,
1578 530 1621 555 se
1653 516 1722 555 ab-

156 592 261 635 iecit.
298 601 337 631 et
372 593 506 630 «Iam
539 592 611 637 tui,
648 590 793 642 inquit,
844 604 936 629 sum
984 589 1105 635 iuris:
1140 588 1348 640 quidquid
1396 587 1639 638 praecipies,
1674 586 1720 625 li-

158 664 304 703 benter
352 664 572 715 praestabo
615 678 649 701 ›>.
701 663 845 712 Itaque
893 661 1079 705 cunctis,
1130 659 1373 711 praesertim
1422 672 1522 698 vero
1576 657 1722 697 Ioanni

159 735 395 777 Roothaan,
428 748 624 785 supremo
647 732 914 777 moderatori,
943 731 1179 771 carissimus
1201 730 1370 777 exstitit,
1395 738 1435 769 et
1467 729 1722 780 singularem

160 806 272 857 apud
305 805 554 856 omnigenos
588 804 804 842 hominum
838 811 981 842 coetus
1013 802 1178 841 virtutis
1210 801 1374 840 laudem
1408 800 1650 852 promeruit.

250 877 314 914 De
337 889 392 922 se,
418 876 555 926 deque
578 874 708 913 Silvio
732 887 946 924 nunquam
970 873 1047 912 nisi
1071 880 1243 924 rogatus
1267 872 1394 910 verba
1416 871 1523 910 fecit.
1549 871 1614 910 De
1637 884 1724 921 quo

161 947 193 986 si
217 946 384 998 quando
408 959 644 984 sermonem
669 945 860 990 habebat,
882 958 965 982 non
988 945 1040 982 de
1063 943 1199 983 fratris
1222 943 1424 989 doctrina,
1449 950 1519 981 aut
1541 942 1593 981 de
1615 956 1726 981 com-

159 1017 265 1068 pede
293 1016 527 1062 durissima,
553 1030 635 1067 qua
657 1015 768 1054 idem
791 1015 947 1054 Silvius
970 1014 1010 1053 in
1033 1013 1260 1065 Spilbergii
1282 1013 1528 1059 carceribus,
1559 1012 1721 1051 diutino

159 1101 362 1127 annorum
381 1087 512 1138 lapsu,
538 1086 747 1125 revinctus
770 1086 915 1131 fuerat,
941 1085 1014 1124 sed
1037 1085 1088 1124 de
1111 1085 1241 1136 ipsius
1265 1084 1305 1123 in
1330 1085 1468 1123 Deum
1492 1083 1646 1135 pietate
1668 1083 1726 1122 lo-

160 1159 376 1210 quebatur.
402 1158 531 1197 Cuius
549 1157 673 1196 etiam
696 1157 832 1196 fratris
855 1156 938 1195 duo
956 1156 1213 1195 monimenta
1235 1155 1347 1207 apud
1364 1169 1407 1194 se
1425 1154 1619 1206 religiose
1641 1162 1727 1193 tue-

161 1230 299 1268 batur:
320 1228 616 1280 compendium
635 1227 827 1266 videlicet
845 1241 1015 1278 precum
1035 1240 1312 1273 romanarum,
1333 1226 1449 1277 quod
1467 1224 1726 1264 Breviarium

160 1313 462 1351 nuncupamus,
481 1307 522 1338 et
534 1298 715 1350 sigillum
730 1312 780 1337 ex
792 1297 1028 1348 elephanto,
1042 1297 1148 1336 hanc
1162 1296 1409 1336 sententiam
1422 1310 1522 1347 prae
1536 1310 1579 1335 se
1591 1296 1728 1334 ferens

163 1373 345 1411 Sursum
372 1372 507 1409 corda.
533 1370 612 1408 His
635 1370 745 1408 enim
769 1369 936 1415 Silvius,
966 1367 1354 1420 ingravescentibus
1376 1367 1507 1414 annis,
1541 1367 1601 1406 uti
1633 1380 1729 1405 con-

161 1450 366 1481 sueverat.
392 1442 520 1487 Haec,
542 1440 694 1479 Pellico
712 1440 797 1479 vita
814 1440 969 1486 functo,
989 1439 1030 1478 in
1053 1440 1198 1478 urbem
1217 1438 1403 1478 Salucias
1426 1438 1539 1489 apud
1562 1445 1730 1477 nostros

162 1512 326 1551 sodales
354 1512 552 1551 translata
575 1520 682 1557 sunt,
717 1519 757 1550 et
790 1511 1098 1550 Saluciensibus
1132 1509 1370 1561 gratissima
1401 1508 1662 1548 exstiterunt.

253 1583 346 1633 Qua
378 1583 430 1621 de
464 1595 506 1620 re
538 1582 618 1621 hoc
650 1581 775 1620 etiam
808 1581 1094 1632 praedicatum
1127 1580 1280 1632 accepi,
1316 1581 1430 1631 quod
1466 1579 1605 1619 Pellici
1639 1579 1729 1618 reli-

165 1653 335 1705 gionem
368 1667 414 1691 ac
447 1652 695 1691 modestiam
730 1666 987 1703 magnopere
1019 1652 1300 1690 commendat.
1326 1651 1406 1690 Hic
1440 1664 1569 1702 quum
1593 1658 1730 1689 aetate

165 1725 246 1763 iam
279 1725 439 1763 devexa
472 1723 611 1762 Cherii
644 1724 828 1774 degeret,
864 1731 905 1762 et
936 1723 1046 1762 cives
1079 1722 1340 1762 Salucienses
1377 1721 1608 1761 incredibili
1641 1721 1731 1760 eius

165 1795 334 1834 videndi
367 1794 577 1833 desiderio
619 1794 855 1845 flagrarent,
891 1808 913 1832 a
945 1794 1098 1833 nostris
1141 1793 1477 1832 moderatoribus
1509 1806 1654 1831 eorum
1689 1792 1730 1830 in

166 1867 311 1905 urbem
346 1874 407 1904 est
440 1866 603 1911 missus,
639 1873 683 1903 ut
715 1865 793 1915 piis
815 1864 1062 1915 Virginibus
1084 1879 1107 1902 a
1131 1865 1283 1904 Sancta
1306 1865 1459 1904 Ursula
1481 1862 1730 1914 nuncupatis

166 1950 302 1975 sacras
326 1950 400 1987 per
423 1936 607 1975 triduum
628 1935 850 1974 conciones
873 1935 1067 1974 traderet.
1093 1936 1150 1974 Ut
1173 1934 1267 1973 illuc
1299 1934 1480 1981 devenit,
1515 1948 1538 1972 a
1570 1933 1732 1972 civibus

166 2007 431 2058 primoribus,
446 2007 497 2045 ad
516 2007 652 2057 ipsum
672 2006 784 2044 urbis
803 2006 1052 2057 ingressum,
1066 2019 1267 2056 perquam
1285 2005 1513 2043 honorifice
1531 2011 1730 2055 exceptus

166 2086 241 2118 est.
278 2079 419 2129 Quum
467 2086 606 2116 autem
656 2077 696 2115 in
744 2077 879 2115 sorum
913 2076 1035 2115 simul
1068 2090 1213 2115 omnes
1246 2075 1559 2126 processissent,
1604 2082 1730 2125 atque

165 2163 310 2188 eorum
345 2162 451 2187 unus
485 2148 661 2187 Silvium
696 2161 930 2186 marmoreo
965 2147 1020 2185 ibi
1054 2147 1276 2185 simulacro
1309 2159 1551 2197 expressum
1577 2145 1730 2184 Pellico

165 2228 548 2261 commonstrasset,
583 2218 649 2257 hic
673 2219 815 2257 oculos
837 2218 1043 2264 attollens,
1079 2226 1119 2256 et
1151 2226 1275 2268 caput
1297 2217 1516 2268 detegens:
1551 2230 1573 2255 «
1592 2216 1731 2255 Satius

166 2299 241 2337 est,
286 2291 431 2342 inquit„
477 2300 686 2329 aeternam
726 2290 813 2328 eius
861 2289 1022 2328 animae
1065 2289 1292 2340 requietem
1326 2303 1349 2327 a
1382 2289 1474 2327 Deo
1507 2288 1728 2339 precari».

168 2362 331 2413 Hisque
379 2361 511 2407 dictis,
561 2361 797 2400 davidicum
847 2361 1070 2411 psalmum,
1117 2373 1240 2410 quem
1288 2359 1367 2410 piis
1415 2359 1599 2398 fidelium
1649 2372 1731 2397 ma-

168 2432 288 2471 nibus
322 2432 509 2483 indulget
543 2431 701 2483 religio,
738 2430 945 2469 submisso
978 2444 1050 2469 ore
1082 2430 1255 2468 fundere
1287 2429 1437 2481 coepit.
1476 2430 1571 2468 Alia
1602 2429 1732 2467 multa

167 2503 380 2554 religionis
429 2512 468 2542 et
511 2502 676 2553 pietatis
718 2502 968 2540 documenta
1016 2501 1092 2540 hac
1140 2500 1180 2539 in
1229 2501 1331 2539 urbe
1378 2500 1562 2551 reliquit,
1598 2499 1653 2539 ita
1686 2506 1731 2537 ut

168 2574 291 2617 cives,
318 2573 398 2612 iarn
422 2587 505 2612 non
530 2573 655 2612 modo
679 2587 773 2611 eum
799 2572 1068 2623 suspicerent,
1094 2572 1207 2623 quod
1230 2571 1347 2611 Silvii
1381 2571 1505 2610 frater
1537 2579 1729 2616 exstaret,

170 2657 315 2681 verum
341 2643 465 2682 etiam
500 2642 613 2693 quod
645 2642 706 2680 'vir
738 2651 846 2680 esset
879 2641 1078 2692 singulari
1112 2641 1283 2680 omnino
1316 2640 1468 2680 virtute
1500 2640 1724 2691 praeditus,

172 2728 306 2765 neque
330 2714 545 2752 hominum
570 2713 726 2755 laudes,
753 2712 825 2751 sed
850 2711 927 2750 Dei
952 2711 1128 2763 gloriam
1152 2720 1277 2763 atque
1299 2711 1529 2750 animarum
1554 2711 1728 2749 salutem

172 2785 292 2823 unice
326 2792 544 2835 spectaret.
581 2785 726 2834 Itaque
764 2784 887 2822 ambo
925 2782 1042 2833 digni
1076 2791 1173 2821 sunt
1210 2783 1402 2825 habendi,
1439 2782 1508 2833 qui
1542 2782 1728 2820 omnium

171 2855 376 2894 bonorum
409 2854 556 2893 animis
590 2863 792 2905 perpetuo
828 2853 1045 2892 insideant.

1628 2937 1659 2955 IO
