1926 3200
190 381 267 418 pro
301 368 473 406 veritate
506 368 718 419 descripsi.
754 368 882 418 Atqui
918 377 1002 406 tum
1039 370 1229 407 consulto
1274 370 1350 406 ll()('
1390 370 1588 419 praestiti,
1625 378 1667 408 ut
1702 370 1750 407 iis

190 438 486 489 prospicerem,
521 439 673 490 quibus
715 439 863 477 similia
906 439 989 489 pati
1033 439 1295 488 contingeret
1325 454 1357 477 ›s.
1398 441 1480 478 scd
1515 441 1566 478 (10
1600 441 1675 478 hac
1710 455 1750 479 re

189 508 300 547 satis.
337 509 438 547 Illuc
471 510 697 558 regredior,
734 510 841 548 unde
874 524 964 547 sum
999 510 1224 558 digressus.

278 580 434 630 Bayma
467 580 699 618 sacerdotio
732 588 876 618 auctus
909 594 1018 618 anno
1053 591 1339 618 MDCCCXLVH
1377 581 1615 624 decedente,
1647 582 1752 620 Che-

190 650 296 688 rium
327 660 389 689 est
419 651 582 691 missus.
613 659 656 689 ut
681 651 832 689 nostris
867 651 1095 689 iuni‹;›1·il)us
1130 651 1377 689 rhetoricum
1412 652 1603 695 truderet.
1640 653 1751 691 theo-

189 721 326 772 logiae
339 721 587 760 curriculum
603 721 789 771 privatus
812 722 1008 772 expleret.
1025 736 1152 772 seque
1175 722 1226 759 ad
1250 736 1490 772 supremum
1515 723 1749 761 studiorum

189 792 400 842 specimen
434 800 706 842 compararet.
734 792 846 830 Inter
868 792 956 829 eius
979 792 1207 843 discipulos
1226 801 1312 830 tum
1331 793 1486 832 exstitit
1506 794 1752 832 Franciscus

191 862 446 914 Campinius,
481 862 550 913 qui
585 870 730 912 postea
764 862 803 900 in
838 877 880 901 re
913 863 1184 914 grammatica
1217 864 1370 902 clarum
1405 864 1480 902 sibi
1516 879 1667 923 nomen
1701 865 1753 903 ef-

189 932 296 971 fecit.
331 934 418 972 Sub
453 933 614 971 initium
638 932 733 970 anni
759 933 1026 983 insequentis,
1058 948 1186 984 quum
1211 935 1251 972 in
1276 935 1391 973 Italia
1429 950 1475 972 ac
1510 935 1751 985 praesertim

190 1003 230 1042 in
264 1004 515 1054 Subalpinis.
551 1004 604 1042 ob
637 1003 779 1042 civiles
812 1005 966 1045 turbas.
1002 1005 1141 1043 omnia
1184 1020 1350 1055 pessum
1395 1006 1511 1049 irent,
1546 1015 1586 1044 et
1621 1006 1750 1045 nostri

191 1074 354 1112 sodales
386 1090 409 1112 a
441 1075 629 1124 collegiis
672 1075 846 1125 expulsi,
892 1076 955 1114 1·οΙ
999 1076 1038 1113 111
1087 1077 1253 1115 latebris
1296 1077 1510 1127 (legerent.
1548 1078 1610 1115 1·οΙ
1654 1078 1753 1126 suga

188 1145 362 1183 salutem
405 1145 482 1182 sibi
526 1159 671 1195 parare
714 1155 983 1196 cogerentur,
1029 1147 1222 1185 Anicium
1268 1147 1306 1185 in
1352 1148 1527 1186 Galliam
1573 1163 1614 1186 se
1659 1162 1753 1186 con-

186 1215 291 1261 tulit,
338 1224 382 1254 ut
414 1216 653 1266 theologiae
696 1216 880 1255 studium
926 1217 1159 1256 conficeret.
1206 1219 1301 1268 Quo
1334 1218 1536 1259 confecto,
1577 1220 1751 1257 alterum

187 1286 352 1336 pietatis
395 1286 653 1327 tirocinium,
700 1296 744 1325 ut
787 1296 927 1325 nostra
970 1287 1047 1326 sert
1100 1289 1382 1331 consuetudo,
1430 1289 1468 1326 in
1513 1290 1753 1340 provinciae

188 1357 485 1408 Lugdunensis
519 1357 709 1400 statione.
745 1372 851 1408 quae
884 1373 906 1396 a
940 1359 1171 1397 Laloxesco
1211 1373 1292 1397 non
1333 1360 1458 1408 1011010
1498 1361 1652 1401 aberat,
1687 1375 1754 1398 au-

191 1427 375 1478 spicatus
408 1438 481 1467 est.

278 1499 390 1537 Inter
421 1499 716 1550 experimenta,
753 1514 859 1550 quae
892 1509 979 1538 tum
1005 1501 1205 1552 temporis
1239 1502 1289 1539 de
1323 1501 1411 1539 eius
1444 1502 1598 1552 pietate
1623 1502 1752 1540 nostri

190 1569 475 1608 moderatores
499 1579 711 1620 ceperunt,
736 1571 814 1609 hoc
837 1571 924 1609 fuit.
956 1572 1174 1622 Algerium
1210 1572 1249 1610 in
1284 1572 1465 1610 Africam
1501 1581 1563 1611 est
1588 1572 1750 1619 missus,

190 1648 236 1679 ut
267 1640 379 1691 apud
417 1641 631 1679 Gallorum
671 1642 825 1692 0011135,
865 1656 971 1692 quae
1009 1657 1099 1681 eam
1144 1644 1289 1681 urbem
1329 1653 1368 1681 et
1419 1644 1634 1694 regionem
1670 1644 1754 1682 fini-

191 1710 333 1749 timam
382 1711 541 1749 dudum
576 1712 615 1749 in
654 1726 770 1750 suam
809 1713 1058 1763 redegerant
1095 1723 1359 1764 potestatem.
1403 1714 1631 1753 sacerdotis
1670 1729 1755 1752 mu-

189 1794 288 1819 nera
320 1781 466 1820 obiret.
503 1782 661 1832 Itaque,
696 1796 789 1820 cum
825 1782 919 1821 illuc
952 1783 1200 1827 devenisset,
1235 1784 1417 1822 curionis
1452 1784 1619 1822 maximi
1655 1785 1755 1823 mili-

190 1851 289 1890 taris
320 1851 441 1890 titulo
474 1861 536 1890 est
571 1852 806 1901 insignitus.
843 1854 969 1891 Haud
992 1853 1108 1892 facile
1133 1855 1384 1892 narraverim
1421 1864 1579 1906 quanta
1613 1855 1652 1893 in
1676 1856 1755 1894 hoe

192 1921 328 1960 officio
360 1922 569 1961 alacritate
602 1937 648 1961 ac
681 1922 820 1961 studio
864 1923 978 1962 nisus
1022 1924 1086 1969 sit,
1131 1933 1176 1963 ut
1216 1925 1428 1969 militibus,
1464 1927 1528 1964 vel
1562 1926 1601 1963 in
1636 1940 1756 1964 noso-

191 1993 337 2031 comiis
369 1993 609 2034 iacentibus.
646 1994 709 2032 vel
744 1993 783 2031 in
808 1994 1026 2044 praesidiis
1051 1996 1385 2038 consistentibus,
1422 1997 1475 2034 ad
1508 1996 1753 2046 religionem

191 2063 460 2101 excolendam
495 2073 662 2114 praesto
686 2072 807 2103 esset.
833 2064 1004 2103 Cunctis
1028 2079 1104 2115 pro
1127 2080 1200 2103 sua
1235 2066 1388 2116 pietate
1413 2080 1494 2104 11011
1533 2067 1662 2105 modo
1686 2067 1758 2105 mi-

187 2133 340 2180 litibus,
385 2135 459 2173 sed
500 2135 623 2173 etiam
668 2135 844 2173 ducibus
888 2150 930 2173 se
973 2136 1178 2186 probavit,
1213 2150 1443 2188 eorumque
1481 2137 1648 2176 animos
1681 2138 1757 2176 sibi

187 2205 353 2256 penitus
394 2206 641 2244 conciliavit.
688 2207 749 2244 Ita
793 2206 902 2245 enim
946 2222 989 2245 se
1032 2208 1216 2256 ¹Qerebat,
1253 2216 1297 2246 ut
1328 2208 1561 2246 communis
1611 2208 1762 2247 infimis

182 2289 258 2326 par
303 2277 476 2315 summis
519 2277 740 2315 videretur.
797 2278 964 2316 Praeter
1011 2278 1253 2329 religionem
1302 2292 1348 2316 ac
1386 2278 1615 2317 doctrinam
1665 2279 1745 2317 sin-

183 2347 393 2398 gularem,
449 2361 601 2397 magna
643 2348 825 2399 dignitas
867 2356 907 2387 et
950 2349 1106 2397 gratia,
1147 2358 1233 2387 tum
1269 2350 1374 2392 oris,
1416 2358 1502 2388 tum
1537 2351 1742 2389 sermonis

186 2416 315 2456 inerat
349 2418 388 2456 in
421 2432 491 2464 eo;
536 2432 661 2469 quam
701 2420 755 2457 ob
798 2433 883 2457 rem
927 2420 979 2457 ad
1019 2434 1146 2458 unum
1195 2420 1389 2458 omnibus
1423 2420 1744 2460 iucundissimus

184 2488 354 2527 exstitit.
390 2488 491 2526 Erat
524 2488 692 2539 insuper
724 2498 881 2528 statura
915 2503 1098 2540 procera,
1135 2490 1485 2540 imperatoriaque
1518 2491 1662 2535 forma,
1699 2501 1742 2530 ut

181 2572 278 2597 eum
312 2558 560 2596 mirarentur
591 2573 638 2597 ac
671 2559 928 2609 suspicerent
961 2560 1154 2598 universi.
1180 2561 1286 2599 Nam
1317 2561 1428 2611 apud
1462 2561 1623 2603 milites.
1659 2576 1743 2612 quo

180 2631 360 2682 quisque
402 2640 464 2669 est
514 2631 748 2681 procerior,
793 2646 843 2669 eo
888 2631 1165 2681 praestantior
1213 2632 1400 2670 habetur.
1446 2633 1548 2670 Aliis
1603 2633 1752 2686 etiam,

184 2701 428 2751 praesertim
462 2701 587 2739 sacris
631 2700 906 2745 administris,
952 2701 1085 2740 officia
1128 2702 1368 2740 omnimoda
1413 2711 1621 2753 praestare
1674 2718 1755 2742 non

183 2771 398 2810 renuebat.
421 2772 570 2822 Itaque
590 2785 746 2809 sacram
767 2772 910 2810 aedem
933 2773 1130 2810 urbanam
1156 2773 1262 2823 aptis
1285 2773 1494 2811 coloribus
1512 2774 1562 2811 ab
1586 2788 1756 2813 summo

183 2841 236 2880 ad
259 2841 388 2880 imum
412 2842 641 2885 exornavit,
668 2851 711 2880 ut
734 2841 915 2880 curionis
943 2842 1151 2881 desiderio
1180 2843 1329 2881 faceret
1357 2843 1468 2882 satis.
1497 2845 1540 2881 In
1575 2845 1754 2882 Galliam

183 2925 410 2962 regressus.
450 2912 667 2962 physicam
701 2912 836 2950 Anicii
872 2913 1023 2951 nostris
1059 2913 1275 2951 iuvenibus
1319 2928 1473 2952 annum
1520 2915 1686 2964 plenum
1721 2929 1759 2953 e-
