1926 3200
801 600 1187 670 NOTAE

273 1103 317 1139 (Ι)
345 1103 533 1132 IOSEPHUS
559 1103 820 1132 MELANDRIUS
854 1103 888 1132 in
925 1104 1187 1133 Commentario
1222 1103 1315 1132 vitae
1352 1103 1579 1135 Carminalii,
1606 1102 1767 1140 quamvis

209 1155 462 1194 copiosissimo,
488 1156 572 1185 haec
588 1164 702 1185 rerum
719 1155 883 1185 adiuncta
905 1155 1043 1185 silentio
1060 1156 1232 1194 praeterit.
1252 1156 1330 1193 Qua
1346 1155 1389 1185 de
1405 1164 1509 1185 causa
1533 1155 1767 1185 Carminatius

212 1209 246 1239 in
270 1209 447 1247 regionem
471 1209 735 1247 subalpinorum
759 1218 795 1238 se
818 1209 995 1247 receperit,
1020 1214 1137 1248 aperte
1161 1215 1275 1239 narrat
1301 1211 1335 1239 P.
1361 1210 1562 1239 ANTONIUS
1587 1211 1767 1239 BRESCIA·

210 1271 297 1293 Nms
322 1263 357 1292 in
381 1263 444 1292 hoc
467 1272 591 1300 opere:
616 1263 687 1292 Dei
710 1263 867 1293 Coslmni
887 1263 925 1292 di
946 1263 1147 1300 Sardegna.
1175 1265 1272 1292 Parte
1290 1262 1460 1293 Seconda.
1488 1263 1583 1300 Capo
1598 1263 1722 1292 Primo.

273 1328 317 1366 (2)
344 1329 395 1357 Ex
419 1327 589 1357 Historia
614 1328 765 1365 Collegii
794 1328 1032 1357 Novar-sensis
1066 1337 1155 1365 quae
1186 1332 1381 1357 asservatur
1416 1327 1449 1357 in
1483 1327 1655 1357 tabulario
1690 1329 1766 1357 Pro-

211 1380 344 1410 vinciae
369 1380 598 1410 Taurinensis
622 1381 656 1410 S.
684 1381 708 1410 Ι.

271 1446 315 1483 (3)
345 1446 451 1480 Haec,
476 1444 504 1474 si
529 1444 672 1482 Superis
695 1445 873 1482 placuerit,
899 1445 1010 1474 fusius
1026 1445 1260 1474 narrabuntur
1284 1444 1318 1473 in
1336 1444 1506 1474 Historia
1539 1445 1765 1482 expulsionis

211 1498 394 1527 §oriolium
412 1498 446 1528 S.
472 1498 502 1526 I.
530 1507 550 1526 a
568 1498 761 1527 Sardiniae
784 1498 884 1535 regis
907 1498 1052 1527 ditione.

273 1563 317 1599 (4)
346 1561 563 1591 Melandrius
587 1562 659 1600 ipse
682 1562 744 1592 hoc
769 1562 861 1592 idem
884 1567 1004 1600 postea
1025 1566 1172 1592 testatus
1193 1566 1254 1591 est.
1291 1561 1432 1592 Videsis
1456 1563 1506 1591 La
1534 1561 1663 1591 Civilis&
1690 1563 1766 1591 Cal—

210 1615 315 1644 tolica
342 1615 438 1645 Serie
463 1617 506 1652 X,
532 1616 611 1646 Vol.
637 1624 688 1652 ix,
713 1625 746 1653 p.
772 1624 843 1653 454.
870 1615 904 1645 in
929 1621 1020 1645 nota.

274 1682 318 1717 (5)
348 1681 477 1710 Civillc'z
503 1681 682 1714 Callolica,
708 1682 758 1719 (ut
782 1681 817 1710 in
841 1686 922 1711 nota
944 1681 1136 1719 superiore)
1161 1690 1238 1719 pag.
1264 1690 1335 1719 453.

274 1745 318 1782 (6)
347 1745 474 1775 Civillci
502 1746 669 1775 Cattolica
695 1746 789 1775 Serie
814 1747 927 1782 XVII,
953 1746 1032 1776 Vol.
1059 1755 1112 1776 111.
1138 1755 1171 1784 p.
1197 1746 1267 1783 578.

273 1813 317 1846 (7)
343 1809 486 1847 Aliquid
509 1814 626 1839 tamen
650 1810 1014 1840 SOMMERVOGELIUS
1038 1810 1082 1840 de
1117 1810 1319 1840 Carminatii
1354 1809 1603 1839 additamentis
1637 1809 1766 1839 indicat

212 1862 269 1891 ubi
295 1862 338 1891 de
363 1863 486 1892 horum
510 1872 654 1901 operum
678 1863 877 1892 auctoribus
900 1863 1112 1893 mentionem
1138 1863 1228 1892 facit.
