1926 3200
195 378 320 415 quam
365 365 405 402 in
450 365 594 402 urbem
636 364 936 416 Sanguinetius
976 379 1019 403 se
1059 374 1283 415 receperat,
1324 367 1593 405 factiosorum
1634 367 1771 414 turba,

194 436 309 474 brevi
344 444 439 486 post
474 444 675 486 tempore,
712 443 879 474 nostros
922 450 1080 479 omnes,
1128 435 1286 486 impetu
1330 436 1450 481 sacto,
1496 437 1606 476 illinc
1639 438 1768 476 disce-

194 507 308 552 dere,
343 516 383 544 et
418 506 458 544 in
491 514 654 545 exteras
704 506 893 545 nationes
942 507 1041 558 fuga
1089 507 1167 545 sibi
1211 508 1387 546 salutern
1436 522 1582 558 parare
1615 509 1768 560 coegit.

198 578 348 628 Itaque
367 577 498 616 nostri
519 578 818 624 moderatores,
839 586 883 616 ut
902 577 1179 617 adolescentis
1198 578 1408 617 desiderio
1426 579 1770 630 obsequerentur,

202 662 306 686 neve
341 649 576 699 praeclarae
609 649 662 687 de
695 662 745 687 eo
778 657 1005 699 conceptae
1054 662 1149 699 spes
1198 658 1413 688 momento
1461 650 1771 697 frustrarentur,

203 720 401 758 Tolosam
437 734 531 757 eum
567 719 605 757 in
631 720 808 758 Galliam
834 719 1047 761 miserunt,
1075 720 1144 758 ubi
1170 720 1316 759 initum
1342 720 1508 771 pietatis
1532 721 1771 759 tirocinium

195 791 450 829 absolveret.

290 863 415 901 Anno
450 874 650 904 MDcch,
686 863 809 901 rebus
854 862 894 900 in
939 862 1149 913 integrum
1194 863 1408 910 restitutis,
1445 863 1484 901 in
1520 863 1681 902 Italiam
1715 877 1775 901 re-

202 947 341 971 meare
375 933 524 977 iussus,
560 934 724 972 Romae
759 933 797 971 in
831 933 1051 972 Athenaeo
1075 934 1341 985 Gregoriano
1375 934 1427 972 ad
1460 933 1773 985 philosophiam

195 1018 238 1042 se
272 1004 449 1043 contulit
483 1019 530 1043 ea
564 1004 785 1043 sedulitate
819 1013 859 1043 et
892 1003 1098 1051 felicitate,
1134 1013 1179 1043 ut
1212 1005 1398 1043 omnium
1438 1004 1771 1056 expectationem

195 1075 468 1125 superaverit.
524 1077 632 1113 Nam
685 1075 901 1126 ingenium
948 1075 1119 1114 sortitus
1157 1089 1262 1121 acre,
1306 1084 1595 1126 experrectum
1645 1084 1775 1126 atque

197 1146 248 1184 ad
282 1146 551 1197 omnigenam
586 1146 833 1196 sapientiam
858 1146 1177 1197 perdiscendam
1215 1160 1348 1197 aeque
1385 1147 1763 1192 accommodatum,

196 1217 473 1267 philosophus
507 1225 547 1255 et
581 1217 900 1256 mathematicus
924 1216 1202 1268 peritissimus
1225 1217 1368 1256 evasit.
1395 1217 1583 1256 Subinde
1616 1216 1760 1255 Bricti-

198 1288 302 1326 norii
323 1288 363 1325 in
388 1302 505 1326 sacro
523 1288 713 1338 ephebeo
737 1287 930 1338 logicam,
957 1287 1299 1338 metaphysicam,
1325 1288 1516 1330 ethicam,
1542 1287 1759 1338 physicam

197 1368 238 1397 et
271 1359 489 1397 mathesim
525 1373 679 1410 magna
711 1373 805 1397 cum
839 1359 960 1397 laude
993 1358 1243 1409 explanavit.
1293 1359 1397 1397 Item
1449 1358 1764 1397 Massae-Ducis

198 1430 238 1467 in
273 1439 417 1468 nostro
450 1430 642 1481 collegio,
678 1429 895 1480 physicam
930 1438 969 1468 et
994 1429 1213 1468 mathesim
1248 1430 1394 1480 postea
1417 1429 1599 1468 tradidit.
1634 1430 1761 1468 Anno

197 1512 467 1546 MUCCCLVH,
506 1502 686 1539 Romam
726 1514 954 1552 regressus,
999 1501 1051 1539 ad
1089 1514 1247 1539 sacram
1287 1501 1544 1551 theologiam
1578 1500 1762 1538 animum

196 1572 370 1623 appulit,
405 1572 648 1611 doctoribus
682 1586 780 1610 usus
815 1573 967 1611 Carolo
1002 1571 1217 1623 Passaglia
1261 1580 1301 1610 et
1351 1572 1566 1622 Raphaele
1600 1571 1767 1618 Cercia;

196 1657 376 1694 quorum
424 1643 647 1693 praecipue
696 1644 824 1682 ductu
874 1643 1110 1693 theologus,
1157 1642 1353 1693 idemque
1402 1642 1501 1681 iuris
1548 1642 1764 1681 consultus

200 1713 386 1764 optimae
421 1722 543 1752 notae
576 1723 637 1752 est
671 1713 855 1752 effectus.
882 1713 1127 1752 Studiorum
1151 1727 1318 1751 cursum
1352 1726 1558 1759 emensus,
1594 1713 1769 1751 alterum

202 1784 369 1835 pietatis
418 1784 655 1823 tirocinium
704 1785 756 1823 ad
805 1785 847 1824 S.
882 1785 1097 1822 Andrean]
1137 1784 1178 1822 in
1218 1783 1434 1823 Carinthia
1471 1783 1623 1835 exegit.
1660 1783 1771 1822 Hinc

200 1856 387 1894 Vallibus
420 1856 557 1894 Anicii
592 1856 631 1894 in
666 1856 813 1899 Gallia,
838 1864 878 1895 et
903 1856 1097 1895 Monoeci
1123 1855 1163 1894 in
1188 1855 1372 1907 Liguria,
1407 1869 1482 1906 per
1514 1855 1637 1901 vices,
1663 1855 1765 1894 scita

195 1927 546 1977 philosophorum
582 1927 735 1965 nostris
770 1926 989 1965 iuvenibus
1023 1926 1206 1967 tradidit.
1231 1927 1279 1965 In
1308 1926 1558 1977 exponendo
1592 1926 1766 1973 subtilis,

197 1998 393 2049 idemque
427 1997 686 2048 perspicuus,
723 1998 763 2036 in
798 1998 1024 2036 refellendo
1057 2006 1279 2048 promptus
1323 2006 1363 2036 et
1402 1997 1626 2035 vehemens
1666 2004 1766 2042 erat,

196 2069 382 2119 nihilque
416 2069 451 2107 ei
476 2068 640 2107 difficile
664 2069 913 2107 solvendum
939 2069 1266 2119 proponebatur,
1292 2067 1392 2119 quin
1416 2066 1767 2118 praesentissimis

198 2140 543 2190 responsionibus
578 2140 744 2190 penitus
777 2140 988 2179 enodaret.
1026 2140 1072 2177 In
1106 2139 1285 2178 dicendo
1322 2147 1460 2178 autem
1495 2138 1764 2189 omnigenam

195 2211 309 2250 latini
334 2211 539 2250 sermonis
563 2211 815 2262 elegantiam
841 2211 1083 2262 usurpabat,
1110 2225 1192 2261 qua
1210 2210 1335 2249 Tullii
1355 2218 1616 2248 venustatem
1635 2222 1768 2260 prope

196 2283 411 2321 referebat.
430 2282 638 2333 Quocirca
656 2282 882 2323 auditores,
908 2290 952 2320 ut
976 2281 1154 2332 quisque
1179 2280 1349 2332 ingenio
1368 2281 1547 2319 maxime
1569 2280 1764 2330 pollebat,

197 2353 252 2392 ita
286 2353 511 2404 plurimum
546 2367 596 2391 eo
629 2353 956 2392 delectabantur.

282 2424 338 2462 At
356 2423 570 2462 sodalibus
588 2423 895 2462 taurinensibus
914 2431 1029 2462 tanto
1048 2431 1319 2474 praeceptore
1337 2422 1408 2461 diu
1427 2422 1505 2460 frui
1526 2435 1609 2460 non
1633 2420 1761 2460 licuit.

198 2495 303 2532 Nam
328 2508 437 2533 anno
466 2506 724 2533 MDCCCLXII
769 2495 949 2532 Romam
979 2502 1042 2532 est
1073 2493 1246 2535 accitus,
1279 2492 1348 2531 ubi
1392 2492 1480 2530 eius
1526 2491 1759 2542 ingenium,

194 2573 234 2603 et
257 2565 474 2615 multiplex
493 2573 581 2603 tum
605 2564 884 2609 scientiarum,
909 2573 997 2603 tum
1021 2564 1171 2602 artium
1190 2562 1378 2614 cognitio
1396 2562 1583 2613 pleniore
1606 2562 1646 2600 in
1671 2562 1764 2600 luce

195 2643 470 2674 versarentur.
498 2636 596 2674 Erat
619 2635 729 2673 enim
753 2636 905 2679 rhetor,
942 2642 1094 2677 orator,
1131 2633 1420 2684 philosophus,
1447 2632 1657 2683 physicus,
1683 2646 1765 2670 ma-

192 2706 452 2748 thematicus,
478 2706 716 2756 theologus,
742 2705 958 2756 utriusque
978 2704 1077 2743 iuris
1095 2704 1323 2750 consultus,
1349 2703 1584 2749 historicus,
1604 2702 1765 2741 divino-

193 2790 283 2814 rum
317 2776 516 2814 librorum
531 2776 747 2826 interpres,
767 2784 807 2814 et
829 2774 1106 2826 complurium
1130 2774 1367 2825 linguarum
1386 2773 1557 2824 peritus;
1577 2773 1764 2824 quando-

194 2846 363 2896 quidem
385 2860 466 2884 non
491 2847 625 2885 solum
650 2846 837 2897 linguam
857 2846 1034 2884 italicam
1054 2854 1094 2884 et
1118 2844 1300 2891 latinam,
1323 2845 1395 2883 sed
1414 2843 1537 2882 etiam
1556 2856 1762 2894 graecam,

194 2917 441 2962 hebraicam,
458 2918 662 2965 gallicam,
683 2917 964 2967 germanicam
984 2925 1023 2955 et
1041 2916 1247 2967 anglicam
1267 2916 1398 2966 probe
1414 2915 1599 2953 callebat.
1616 2915 1764 2964 Itaque
