1926 3200
837 253 1098 288 -194-

183 350 461 383 aereonautae
494 353 630 383 tutum
666 358 738 395 per
773 345 929 383 medias
973 346 1074 384 caeli
1119 347 1205 385 rias
1245 348 1321 386 iter
1364 349 1607 399 arriperent.
1642 351 1748 389 Sunt

185 416 255 466 qui
291 415 512 466 perhibent
546 416 746 466 Baymam
781 416 821 454 in
856 417 935 455 hoc
969 426 1052 455 tam
1086 418 1216 456 arduo
1240 418 1382 457 labore
1411 433 1461 458 eo
1492 434 1624 472 usque
1658 435 1749 472 pro-

184 487 372 527 cessisse.
407 495 451 525 ut
485 487 700 537 problema
734 487 919 525 omnium
945 487 1232 527 difficillimum
1256 503 1300 527 se
1323 490 1497 529 solvisse
1525 492 1746 542 putaverit.

186 558 282 608 Qua
314 558 366 596 dc
400 572 442 596 re
476 558 554 596 hoc
587 558 712 597 etiam
748 559 921 597 relatum
956 559 1110 609 accepi.
1136 560 1275 610 Quum
1302 561 1459 611 Bayma
1491 562 1620 613 longo
1654 571 1750 614 post

185 637 377 679 tempore
422 629 461 666 in
506 629 705 680 Angliam
750 629 952 674 venisset,
1007 638 1047 668 et
1092 631 1364 680 problematis
1407 632 1596 671 solvendi
1641 634 1750 672 viam

186 699 286 738 viris
319 713 457 738 rerum
482 699 749 750 physicarum
784 700 1047 750 peritissimis
1071 701 1347 751 patefecisset,
1383 703 1436 745 hi,
1472 703 1631 742 ratione
1664 719 1751 755 per-

183 785 314 822 pensa
335 780 461 822 atque
493 771 720 810 admodum
755 773 942 823 probata,
978 773 1088 823 pleni
1121 773 1306 823 optimae
1340 774 1440 825 spei,
1476 776 1679 826 grandem
1714 776 1750 814 ei

184 842 403 893 pecuniam
448 843 707 887 obtulerunt,
758 852 802 881 ut
835 857 941 894 quae
976 843 1063 882 iura
1106 844 1146 882 in
1195 858 1346 883 nox-'am
1396 846 1749 897 excogitationem

183 928 258 952 sua
291 922 442 958 essent,
480 915 518 952 in
553 929 625 953 eos
651 915 738 965 ipse
762 916 1025 959 transferret:
1060 917 1160 967 quin
1194 918 1318 956 etiam
1354 918 1623 968 grandiorem
1656 927 1752 958 sunt

184 984 371 1035 polliciti,
413 986 446 1024 si
485 1000 562 1026 res,
598 986 706 1024 sacto
742 986 940 1036 periculo,
975 987 1134 1026 felicem
1168 988 1325 1027 exitum
1362 990 1545 1027 haberet.
1581 990 1750 1036 Verum,

185 1055 297 1095 initis
330 1056 641 1107 experimentis,
668 1057 969 1108 impedimenta
1001 1072 1051 1096 ex
1085 1059 1301 1109 inopinato
1326 1068 1422 1098 sunt
1454 1068 1611 1102 exorta,
1645 1074 1751 1111 quae

183 1141 302 1178 spem
336 1141 504 1166 onmem
538 1128 858 1179 interceperunt.

273 1200 482 1238 Novariae
516 1200 614 1238 dum
648 1209 748 1245 erat,
784 1200 987 1251 plurimos
1022 1201 1061 1238 in
1094 1210 1181 1240 arte
1215 1202 1371 1240 musica
1409 1216 1660 1253 progressus
1698 1203 1751 1241 ef-

184 1270 292 1309 fecit.
320 1270 547 1309 Enimvero
571 1271 778 1322 integram
803 1271 931 1310 divini
956 1272 1156 1310 Sacrificii
1179 1272 1390 1324 liturgiam
1425 1273 1560 1311 modis
1585 1273 1752 1312 musicis

182 1341 413 1385 exornavit,
449 1350 489 1380 et
529 1342 693 1393 publice
741 1342 940 1381 exhibuit.
991 1344 1129 1393 Quam
1172 1343 1503 1383 lucubrationem
1547 1344 1621 1382 viri
1666 1358 1752 1382 mu-

182 1412 292 1451 sicae
324 1412 423 1451 artis
457 1413 698 1463 peritissimi
722 1413 887 1464 magnis
911 1414 1102 1452 laudibus
1125 1423 1222 1453 sunt
1245 1415 1503 1465 prosequuti.
1531 1416 1622 1453 Hos
1646 1415 1752 1453 inter

181 1483 341 1523 exstitit
373 1484 580 1523 Xaverius
605 1485 874 1523 Mercadante
899 1485 1200 1536 neapolitanus,
1235 1486 1390 1537 ubique
1421 1487 1609 1537 gentium
1644 1487 1751 1524 fama

180 1554 437 1601 notissimus,
472 1555 543 1606 qui
576 1569 624 1594 ea
656 1564 906 1607 tempestate
939 1556 1099 1595 civibus
1132 1556 1449 1595 novariensibus
1492 1565 1532 1595 et
1572 1556 1750 1608 Collegii

183 1626 400 1665 Gallarinii
434 1627 613 1665 alumnis
646 1627 847 1666 musicam
882 1628 1085 1666 tradebat.
1123 1627 1203 1666 Hic
1238 1629 1419 1678 Baymae
1448 1628 1661 1679 ingenium
1686 1642 1752 1666 ve-

181 1697 400 1737 hementer
432 1706 494 1737 est
527 1698 768 1743 admiratus,
803 1708 844 1737 et
878 1713 1033 1750 magno
1068 1700 1107 1737 in
1142 1699 1301 1738 honore
1334 1699 1490 1738 habuit.

272 1770 361 1807 Nec
394 1768 532 1807 minus
564 1769 691 1808 animi
724 1769 981 1815 fortitudine,
1017 1784 1143 1820 quam
1182 1769 1352 1821 ingenio
1385 1778 1426 1809 et
1458 1779 1558 1815 arte,
1594 1771 1751 1820 Bayma

183 1836 394 1876 Novariae
432 1837 594 1876 enituit.
640 1838 782 1888 Quum
823 1837 935 1876 enim
979 1838 1205 1876 Caietanus
1244 1838 1516 1880 Anceschius,
1561 1838 1749 1877 eiusdem

181 1908 348 1960 collegii
385 1909 643 1953 administer,
688 1917 815 1948 noctu
862 1924 885 1948 a
933 1909 1100 1954 sicario,
1151 1910 1206 1948 ob
1252 1909 1340 1947 auri
1381 1923 1539 1948 sacram
1584 1909 1748 1955 famem,

183 1979 224 2018 in
263 1979 352 2018 eius
396 1979 634 2018 cubiculum
678 1980 783 2018 clam
828 1980 1033 2031 ingresso,
1070 1980 1210 2019 multis
1243 1979 1485 2019 vulneribus
1518 1980 1749 2027 confossus,

181 2065 229 2090 ac
260 2059 505 2102 peremptus
543 2060 665 2097 esset,
708 2052 878 2102 Bayma,
919 2065 1084 2090 summo
1119 2065 1251 2097 mane,
1291 2051 1343 2090 de
1379 2051 1535 2090 nefario
1568 2051 1750 2090 facinore

182 2121 343 2173 primus
383 2122 571 2161 omnium
610 2122 865 2166 admonitus,
907 2122 1120 2173 externplo
1177 2122 1232 2160 nil
1266 2122 1343 2161 sibi
1384 2122 1535 2161 timens
1588 2136 1609 2160 e
1643 2122 1749 2160 lecto

181 2193 388 2244 prosiluit,
428 2202 469 2232 et
507 2194 671 2232 nodoso
710 2194 816 2233 fuste
857 2194 1095 2239 instructus,
1135 2208 1260 2245 quem
1294 2193 1461 2233 unicum
1495 2201 1557 2232 est
1590 2201 1747 2239 nactus,

181 2278 203 2303 e
236 2265 429 2304 cubiculo
462 2279 506 2304 se
540 2265 760 2316 proripuit,
811 2274 856 2303 ut
904 2264 1244 2304 scelestissimum
1285 2265 1496 2304 hominem
1546 2265 1751 2315 aggrede—

182 2344 307 2374 retur.
365 2337 543 2375 Putabat
595 2336 705 2375 enim
749 2350 844 2375 eum
899 2336 1034 2374 adhuc
1078 2336 1118 2374 in
1171 2336 1351 2387 collegio
1406 2335 1588 2379 latitare,
1634 2336 1749 2386 quod

180 2407 377 2445 nimirum
412 2407 522 2446 fores
555 2407 804 2446 exeuntibus
838 2407 1024 2446 nondum
1059 2415 1261 2457 paterent.
1298 2408 1434 2457 Quem
1469 2420 1561 2444 cum
1586 2420 1669 2445 non
1693 2406 1750 2444 in-

180 2478 376 2521 venisset,
412 2492 591 2529 propere
625 2492 711 2517 rem
735 2492 903 2517 omnem
937 2478 989 2516 ad
1022 2477 1291 2529 magistratus
1314 2476 1474 2516 detulit.
1511 2477 1573 2515 Ita
1596 2476 1748 2515 factum

179 2557 255 2594 est,
290 2558 336 2587 ut
368 2549 484 2588 brevi
517 2557 614 2600 post
646 2549 749 2588 hora
783 2549 935 2600 impius
969 2548 1134 2587 furcifer
1155 2548 1495 2599 comprehensim,
1530 2556 1571 2586 et
1592 2547 1748 2586 crimen

179 2619 408 2665 confessus,
444 2633 573 2670 quum
608 2634 682 2670 per
713 2629 892 2658 aetatem
926 2628 1060 2658 morte
1090 2618 1259 2657 „multari
1290 2632 1372 2656 non
1406 2627 1561 2669 posset,
1597 2617 1748 2656 nostris

180 2689 516 2729 moderatoribus
546 2690 698 2728 frustra
730 2704 806 2741 pro
839 2703 890 2728 eo
923 2704 947 2728 a
980 2703 1078 2740 rege
1113 2689 1265 2728 Carolo
1298 2689 1473 2727 Alberto
1497 2688 1659 2727 veniam
1683 2688 1750 2726 de—

180 2761 460 2812 precantibus,
495 2761 548 2800 ad
582 2775 719 2800 remos
754 2769 960 2812 perpetuo
993 2761 1275 2799 damnaretur.

271 2833 387 2871 Haec
410 2832 580 2884 quidem
605 2833 757 2879 omnia,
782 2840 823 2871 et
845 2832 924 2870 alia
942 2832 1063 2883 plura
1085 2840 1317 2870 memoratu
1342 2831 1601 2882 dignissima,
1627 2843 1745 2881 quae,

181 2903 233 2942 ab
264 2911 441 2942 exeunte
473 2918 583 2942 anno
619 2914 929 2943 MDCCCXXXD(
963 2902 1015 2941 ad
1038 2916 1193 2941 annum
1218 2901 1437 2941 occiduum
1475 2912 1747 2948 MDCCCXLII,
