1926 3200
858 218 1118 253 —106—

200 319 315 358 cuius
350 333 429 370 ope
478 334 499 358 a
549 320 684 370 prima
717 329 851 359 aetate
896 321 935 358 in
981 321 1122 359 multis
1165 322 1288 360 rebus
1332 322 1572 362 sublevatus
1615 323 1765 370 fuerat,

202 390 333 429 vicem
367 391 559 436 reddens,
596 391 777 441 plurimo
812 391 968 430 exstitit
1003 392 1151 431 solatio
1185 406 1231 431 ac
1264 392 1486 443 praesidio.

288 463 413 500 Anno
449 473 669 505 MDCCCLL
715 463 766 500 ab
812 463 1052 501 Alexandro
1088 463 1238 505 Ponza,
1275 464 1346 514 qui
1381 464 1648 504 Franciscum
1684 467 1770 505 Pel-

199 533 322 571 licum
372 533 412 571 in
461 533 677 584 provincia
730 533 958 572 taurinensi
1001 535 1042 573 S.
1079 535 1109 572 I.
1155 536 1344 585 regunda
1377 545 1615 586 exceperat,
1662 538 1769 576 Mas-

199 604 331 642 siliam
375 613 437 643 est
480 604 727 647 accersitus,
774 614 817 643 ut
862 604 1012 643 exinde
1057 605 1097 643 in
1132 605 1344 644 Corsicam
1379 620 1422 645 se
1465 607 1693 655 traiiceret,
1728 617 1769 648 et

202 675 411 726 Episcopo
456 676 679 714 Adiacensi
724 675 763 714 in
808 676 1152 715 Cliristifidelium
1196 678 1328 716 salute
1370 679 1633 729 procuranda
1676 680 1769 718 sub—

198 747 305 786 sidio
349 747 521 786 veniret.
569 748 699 786 Porro
744 747 929 794 Giorda,
986 748 1137 787 nuncio
1190 758 1384 800 accepto,
1435 750 1654 789 confestim
1698 751 1769 789 im-

199 828 341 869 perata
383 818 558 861 faciens,
604 818 723 857 matri
768 818 992 864 valedixit,
1038 828 1078 858 et
1121 819 1225 858 clam
1270 829 1432 871 patruo,
1483 822 1630 860 morbo
1679 836 1770 873 gra-

198 889 368 928 vissimo
404 889 444 927 in
477 890 585 928 lecto
634 891 923 937 decumbente,
976 891 1015 928 in
1056 891 1267 929 Corsicam
1303 906 1346 930 se
1379 892 1626 932 transduxit.
1672 894 1769 944 Quo

197 976 291 1000 cum
325 961 518 1003 venisset,
555 962 730 1000 insulam
764 961 891 1000 sacris
931 962 1268 1013 expeditionibus
1317 963 1483 1002 vicatim
1517 965 1769 1015 perlustrare

195 1033 346 1084 coepit.
382 1034 510 1071 Fama
544 1033 720 1079 virtutis,
757 1047 802 1072 ac
837 1033 1059 1084 praecipue
1092 1034 1315 1080 charitatis,
1358 1049 1440 1085 qua
1472 1049 1596 1074 omne
1634 1050 1768 1087 genus

197 1104 425 1149 hominum,
461 1104 589 1143 veluti
625 1113 743 1155 pater
776 1104 894 1151 filios,
919 1104 1162 1155 excipiebat,
1189 1115 1228 1144 et
1252 1115 1515 1156 peramanter
1548 1108 1769 1158 amplecte-

196 1176 328 1220 batur,
374 1175 488 1213 illum
538 1175 735 1226 praeibat.
788 1176 932 1226 Itaque
981 1176 1205 1214 multitudo
1244 1176 1414 1227 copiosa
1453 1177 1505 1215 ad
1545 1191 1640 1216 eum
1674 1192 1768 1217 con-

198 1247 364 1291 fluebat,
397 1254 436 1285 et
469 1247 705 1297 augebatur
726 1247 778 1287 ‘in
812 1246 913 1285 dies.

294 1318 412 1356 Hanc
447 1331 573 1368 porro
609 1317 766 1356 Giorda
800 1331 955 1368 magno
989 1318 1136 1356 ardore
1165 1318 1467 1369 alloquebatur,
1504 1327 1547 1357 ut
1581 1319 1767 1358 omnium

199 1388 361 1427 animos
385 1388 463 1427 sibi
488 1397 684 1439 captaret,
710 1398 750 1427 et
774 1402 857 1439 quo
882 1389 1047 1427 volebat
1077 1389 1336 1439 perduceret.
1362 1390 1508 1440 Itaque
1531 1391 1768 1441 complures

200 1475 221 1497 a
256 1459 452 1498 vitiorum
486 1473 631 1501 coeno,
667 1459 707 1497 in
741 1473 825 1510 quo
860 1459 1015 1498 iamdiu
1059 1460 1239 1498 demersi
1283 1460 1482 1506 iacebant,
1519 1461 1633 1499 brevi
1667 1470 1766 1499 tem-

201 1530 314 1573 poris
348 1531 466 1581 lapsu
515 1530 681 1581 penitus
728 1530 940 1577 abstraxit,
991 1540 1116 1582 atque
1164 1531 1215 1569 ad
1253 1531 1521 1582 omnigenam
1570 1531 1766 1570 virtutem

198 1602 438 1640 sectandam
473 1601 670 1640 traduxit.
707 1602 769 1640 Eo
802 1602 957 1648 audito,
993 1602 1044 1640 ad
1077 1602 1165 1640 eius
1199 1602 1326 1652 pedes
1369 1603 1557 1641 certatim
1592 1617 1635 1641 se
1668 1603 1766 1641 abii-

196 1673 370 1715 ciebant,
407 1687 491 1724 quo
535 1687 631 1711 suas
665 1673 841 1724 quisque
875 1674 1017 1724 culpas
1051 1673 1127 1712 rite
1160 1674 1398 1717 faterentur,
1434 1683 1477 1713 ut
1510 1683 1677 1725 tempus
1710 1675 1766 1713 ad

194 1745 367 1783 multam
392 1753 558 1783 noctem
578 1754 688 1783 esset
711 1745 961 1789 ducendum,
982 1759 1117 1796 neque
1136 1754 1274 1783 tamen
1295 1745 1453 1784 cunctis
1477 1759 1583 1784 unus
1608 1745 1767 1785 Giorda

193 1814 292 1853 satis
325 1815 458 1853 facere
483 1824 641 1866 posset.
675 1815 876 1853 Nonnulli
901 1824 997 1854 sunt
1020 1816 1185 1866 reperti,
1212 1816 1283 1867 qui
1307 1815 1490 1867 triginta,
1517 1816 1617 1868 quin
1641 1817 1765 1856 etiam

193 1886 472 1937 quadraginta
505 1886 687 1937 amplius
736 1901 879 1931 annos,
930 1887 1201 1926 Sacramento
1242 1887 1524 1926 Poenitentiae
1557 1888 1765 1927 abstinue-

194 1966 302 1998 rant:
338 1957 491 2008 aliique
526 1958 651 2004 fuere,
688 1958 758 2009 qui
793 1958 916 1996 nudis
959 1958 1135 2009 pedibus
1170 1958 1210 1996 in
1243 1958 1352 1997 viam
1396 1958 1684 2010 longissimam
1719 1974 1763 1999 se

193 2030 412 2071 dederunt,
450 2038 494 2068 ut
528 2029 676 2073 virum,
713 2044 838 2080 quem
872 2031 985 2068 caelo
1019 2030 1096 2068 sibi
1130 2030 1302 2069 missum
1327 2029 1503 2076 aiebant,
1538 2044 1677 2069 coram
1707 2031 1764 2069 vi-

193 2101 352 2141 derent,
381 2109 508 2151 atque
532 2100 620 2139 eius
644 2114 724 2151 ope
749 2101 788 2139 in
815 2100 894 2139 Dei
918 2100 1094 2152 gratiam
1119 2101 1314 2140 redirent.
1340 2100 1414 2139 Vir
1437 2101 1607 2152 quidam
1640 2102 1691 2140 ab
1714 2115 1764 2141 eo

192 2171 491 2211 humanissime
514 2182 725 2223 exceptus,
752 2182 975 2223 postquam
997 2173 1089 2211 Deo
1113 2173 1287 2211 creatori
1312 2187 1388 2211 suo
1411 2172 1655 2211 conciliatus
1685 2181 1760 2220 est,

193 2251 305 2281 tanta
338 2242 492 2281 laetitia
525 2252 587 2282 est
620 2243 824 2294 perfusus,
875 2253 919 2282 ut
967 2243 1152 2294 profiteri
1201 2258 1285 2282 non
1324 2243 1588 2289 dubitaverit,
1630 2257 1673 2282 se
1707 2244 1763 2282 in-

192 2322 362 2363 gentem
396 2313 596 2364 pecuniae
630 2313 712 2352 vim
737 2314 880 2353 libenti
905 2314 1044 2353 animo
1067 2315 1301 2353 soluturum
1335 2314 1472 2359 fuisse,
1509 2314 1541 2352 si
1575 2315 1654 2353 hoc
1678 2328 1762 2353 uno

193 2394 326 2435 pactO,
363 2393 478 2424 tanto
511 2385 669 2436 gaudio
703 2385 827 2436 potiri
862 2386 1082 2436 potuisset.

285 2456 401 2494 Pacis
435 2466 662 2507 sequester,
700 2457 738 2495 in
767 2457 908 2495 litibus
942 2456 1199 2500 dirimendis,
1245 2456 1351 2495 odiis
1395 2456 1600 2500 tollendis,
1636 2465 1761 2508 atque

191 2527 339 2565 animis
388 2527 599 2578 pacandis,
636 2528 706 2578 qui
741 2542 787 2566 ea
821 2528 861 2566 in
896 2527 1029 2566 insula
1062 2528 1201 2578 parvis
1234 2527 1457 2566 momentis
1500 2528 1552 2584 ad
1586 2527 1762 2566 interne-

191 2597 353 2635 cionem
387 2599 657 2637 exardescere
691 2607 1011 2642 consueverunt,
1058 2613 1183 2650 quam
1227 2598 1405 2636 maxime
1443 2598 1662 2649 praestitit.
1698 2599 1761 2638 Eo

191 2682 266 2717 pro
300 2678 507 2720 suggestu
542 2678 775 2719 perorante,
822 2670 927 2708 bene
966 2670 1083 2708 multi
1118 2669 1272 2721 passim
1315 2671 1604 2720 assurgebant,
1639 2668 1760 2708 suum

191 2738 368 2789 quisque
403 2739 628 2783 inimicum,
665 2740 698 2778 si
732 2740 837 2778 forte
861 2740 1036 2783 adesset,
1068 2740 1382 2791 conquirebant,
1417 2754 1552 2791 eoque
1576 2740 1758 2785 invento,

190 2809 229 2847 in
264 2810 452 2848 lacrimas
477 2810 608 2853 effusi,
636 2811 675 2848 in
700 2812 940 2861 amplexum
964 2812 1150 2854 ruebant,
1185 2825 1232 2850 ac
1265 2811 1427 2849 veniam
1452 2810 1757 2850 subiectissime

190 2880 480 2930 implorabant.
516 2882 716 2920 Nonnulli
750 2882 958 2923 exstitere,
1004 2896 1110 2933 quos
1140 2882 1273 2925 amici,
1318 2896 1524 2932 proceres,
1565 2881 1757 2920 curiones
