1926 3200
854 828 951 866 XX.

585 1030 930 1080 ALOISIVS
980 1027 1227 1078 MEREA

228 1402 342 1429 ITAM
365 1390 454 1429 iniit
479 1390 652 1429 Genuae
676 1402 785 1426 anno
809 1386 953 1426 salutis
977 1387 1182 1424 humanae
1206 1397 1459 1424 Mncccxlv.
1486 1386 1684 1424 Iacobum

257 1462 425 1500 fratrem
469 1469 567 1499 natu
615 1459 814 1498 maiorem
859 1457 1057 1504 imitatus,
1103 1457 1353 1496 Societatem
1398 1465 1582 1495 nostram
1622 1464 1686 1494 est

118 1533 336 1583 amplexus
369 1545 477 1570 anno
521 1541 812 1576 MDCCCXXXI,
858 1543 942 1580 quo
985 1542 1095 1567 anno
1137 1528 1301 1567 sodales
1345 1527 1622 1573 taurinenses,
1662 1541 1685 1565 a

121 1603 335 1643 sodalibus
379 1601 617 1653 provinciae
662 1601 821 1640 italicae
876 1600 1077 1646 seiuncti,
1138 1600 1178 1638 in
1227 1613 1377 1638 novam
1427 1598 1684 1649 provinciam

116 1674 319 1713 coaluere.
366 1672 505 1712 Cherii
549 1681 637 1711 tum
684 1671 927 1722 religiosae,
968 1680 1057 1710 tum
1099 1670 1323 1709 litterariae
1370 1669 1480 1709 vitae
1522 1669 1683 1708 solidis-

121 1745 225 1783 sima
279 1743 548 1782 fundamenta
596 1742 704 1780 iecit.
762 1741 926 1792 Quibus
976 1741 1119 1787 iactis,
1182 1741 1379 1779 Nicaeam
1427 1740 1479 1778 acl
1526 1740 1685 1777 Varum

114 1825 174 1854 est
209 1815 373 1861 missus,
409 1823 453 1853 ut
486 1828 572 1852 rem
613 1812 941 1864 grammaticam,
983 1812 1077 1850 (lein
1111 1812 1349 1862 politiorem
1382 1811 1683 1849 humanitatem

112 1888 151 1925 in
186 1896 330 1926 nostro
363 1886 544 1937 collegio
578 1885 856 1936 profiteretur.
885 1884 994 1922 Hinc
1029 1883 1259 1921 Taurinum
1292 1883 1418 1927 venit,
1454 1891 1495 1921 et
1525 1882 1565 1920 in
1600 1882 1683 1920 col-

110 1958 223 2007 legio
259 1958 511 1996 Sanctorum
547 1957 781 2006 Martyrum
807 1954 1090 2005 philosophos
1113 1953 1290 1999 audivit;
1325 1953 1420 1991 dein
1446 1952 1568 1990 Iriam
1593 1966 1686 2003 pro-

112 2029 256 2073 fectus,
291 2029 448 2067 litteras
481 2026 747 2066 venustiores
783 2026 932 2064 iterum
957 2024 1110 2063 docuit.
1137 2024 1238 2062 Post
1260 2024 1360 2062 haec
1394 2023 1590 2061 Nicaeam
1627 2036 1685 2061 re-

110 2113 296 2149 ¹(gressus,
346 2107 478 2137 artem
522 2097 772 2136 rhetoricam
822 2095 1021 2141 tradidit3
1071 2102 1195 2145 atque
1245 2095 1374 2132 Isa'i'ae
1423 2092 1680 2139 Carminatii,

110 2170 289 2209 rhetoris
338 2167 697 2220 praestantissimi,
737 2182 760 2205 a
793 2181 877 2218 quo
928 2165 1067 2205 Cherii
1115 2165 1263 2204 litteris
1312 2164 1525 2203 institutus
1574 2172 1673 2210 erat,

109 2241 325 2279 alumnum
358 2239 654 2290 dignissimum
679 2252 722 2276 se
760 2237 966 2288 probavit.
995 2236 1183 2275 Subinde
1207 2235 1378 2274 Taurini
1402 2249 1540 2273 sacrae
1569 2235 1684 2273 theo-

108 2311 245 2359 logiae
268 2324 439 2361 operam
464 2309 617 2360 posuit,
648 2318 689 2347 et
716 2307 954 2347 sacerdotio
978 2307 1201 2357 insignitus
1226 2306 1347 2344 Iriam
1382 2305 1506 2350 venit,
1543 2305 1684 2355 ibique

106 2382 283 2419 alterum
327 2380 382 2431 pii
429 2379 607 2419 tirocinii
659 2393 814 2417 annum
858 2378 1011 2427 exegit.
1054 2378 1203 2416 Postea
1246 2377 1285 2414 in
1333 2376 1513 2425 collegio
1562 2375 1683 2414 tauri-

106 2452 235 2495 nensi,
255 2451 362 2489 cuia
385 2451 579 2490 Carmelo
598 2463 768 2492 nomen,
796 2448 1086 2499 magisterium
1109 2447 1274 2498 pietatis
1298 2447 1413 2493 obiit,
1438 2461 1484 2485 ac
1507 2447 1678 2485 demum

106 2522 209 2560 Iriae
255 2522 409 2560 scholis
458 2521 722 2560 inferioribus
772 2519 1005 2570 praefectus
1053 2528 1127 2561 est,
1176 2527 1302 2569 atque
1336 2532 1418 2556 una
1450 2517 1672 2555 conciones

101 2607 273 2637 annuas,
309 2607 413 2644 quas
449 2594 587 2630 ssmas
622 2591 767 2629 mortis
793 2604 1098 2641 nuncupamus,
1134 2589 1185 2628 ad
1218 2590 1420 2640 populum
1456 2587 1612 2626 habuit.

194 2665 356 2702 Interea
387 2672 557 2701 exartus
591 2671 653 2700 est
686 2676 818 2700 annus
850 2672 1157 2699 MDCCCXLVIII
1182 2661 1369 2699 omnium
1405 2659 1673 2710 asperrimus.

103 2735 255 2775 Merea.
291 2734 475 2772 Taurino
508 2734 718 2784 expulsus,
757 2732 936 2782 Alpibus
970 2731 1189 2782 superatis,
1216 2731 1255 2769 in
1289 2730 1550 2781 provinciam
1585 2730 1674 2779 lug·-

102 2804 335 2842 dunensem
373 2804 611 2855 perfugium
651 2803 869 2853 quaesivit,
910 2811 950 2841 et
992 2802 1209 2841 institutor
1247 2801 1433 2852 privatus
1468 2801 1507 2838 in
1545 2801 1673 2838 ‹lomo

104 2875 178 2912 viri
214 2874 461 2913 nobilissimi
506 2882 788 2913 commoratus
826 2882 888 2911 est
912 2874 990 2923 (ι).
1037 2873 1166 2911 Anno
1210 2872 1398 2923 proxime
1433 2870 1678 2921 insequenti,
