1926 3200
847 260 1112 304 —134—

189 358 404 409 plausibus
427 368 626 410 exceptus
649 369 723 399 est.
751 360 915 411 Quibus
939 362 1074 405 editis,
1101 362 1286 401 Aloisius
1306 364 1542 410 Menabrea,
1568 365 1630 404 vir
1653 366 1692 404 in
1717 380 1759 404 re

188 429 483 469 mathematica
515 444 609 468 cum
643 431 786 482 paucis
810 433 1029 475 excellens,
1065 447 1086 471 e
1120 447 1290 473 scamno
1314 448 1552 486 assurgens,
1588 436 1757 486 publico

187 514 283 538 eum
317 500 457 552 elogio
491 501 773 540 condecorare
796 516 879 541 non
903 503 1123 542 dubitavit.
1149 504 1283 543 Annis
1317 505 1507 555 proxime
1540 506 1758 558 insequen-

188 570 313 613 tibus,
350 571 467 614 Iriae,
503 572 725 615 Novariae,
770 573 867 611 dein
912 574 1066 612 Melani
1110 574 1149 612 in
1193 575 1510 626 Allobrogibus,
1564 577 1755 621 ethicam,

187 642 417 692 physicam,
453 643 687 689 mathesim,
724 643 953 687 historiam,
990 659 1115 696 quam
1150 646 1380 684 naturalem
1414 647 1638 698 appellant,
1680 662 1759 686 ser-

187 728 356 752 monem
391 714 573 753 italicum
607 723 732 766 atque
766 715 890 754 etiam
925 717 1214 767 germanicum
1249 718 1421 769 egregie
1455 719 1608 758 docuit.

279 786 429 824 Incidit
464 785 621 825 interea
657 801 809 838 magna
842 787 910 826 illa
943 788 1168 835 calamitaS,
1195 803 1276 840 qua
1305 803 1414 828 anno
1448 802 1758 830 MDCCCXLVIH

187 858 354 896 sodales
390 859 521 897 nostri
556 873 702 898 omnes
736 860 902 911 penitus
946 860 1172 907 dissociati,
1219 862 1283 900 vel
1317 863 1453 900 solum
1486 871 1660 909 vertere,
1696 865 1760 902 vel

185 929 302 968 domi
338 931 464 969 latere
513 940 609 970 sunt
656 931 801 971 coacti.
839 933 1091 983 Brunengus
1139 934 1190 972 ab
1238 934 1339 972 urbe
1389 934 1557 973 Melano
1590 934 1757 979 eiectus,

187 1000 419 1039 Taurinum
470 1016 550 1040 una
598 1016 692 1040 cum
737 1003 894 1041 Ioanne
939 1003 1154 1042 Matthaeo
1189 1004 1426 1055 Ciravegna
1459 1013 1500 1044 et
1534 1006 1759 1045 Laurentio

187 1072 359 1123 Raggio
394 1072 552 1112 itineris
576 1073 811 1117 comitibus,
837 1073 1049 1113 altissimis
1074 1074 1251 1121 nivibus,
1277 1076 1419 1126 pedeS,
1450 1076 1605 1115 victum
1630 1077 1758 1115 ferme

185 1143 467 1185 emendicans,
503 1144 658 1195 ubique
692 1153 832 1183 tamen
866 1145 1102 1184 humaniter
1135 1145 1313 1189 habitus,
1349 1160 1392 1185 se
1415 1147 1583 1198 recepit.
1621 1148 1755 1198 Quem

186 1228 329 1253 casum
364 1223 511 1266 postea
544 1215 700 1266 scripto
734 1216 954 1255 enarravit.
1000 1217 1108 1254 Tum
1152 1217 1266 1255 suere
1300 1217 1491 1256 homines
1525 1232 1653 1269 opum
1686 1233 1758 1269 po-

185 1294 322 1325 tentes
370 1295 410 1325 et
444 1286 637 1337 religioni
671 1287 849 1326 maxime
884 1287 1045 1333 infensi,
1081 1287 1152 1338 qui
1196 1288 1349 1326 eximio
1388 1289 1642 1328 adolescenti
1675 1304 1757 1328 am—

186 1357 398 1407 plissimos
432 1358 614 1396 honores
663 1366 704 1397 et
736 1358 852 1409 larga
885 1357 1094 1409 stipendia
1137 1359 1219 1397 sint
1258 1358 1443 1409 polliciti,
1484 1360 1517 1398 si
1559 1360 1756 1399 nuncium

187 1429 388 1468 Societati
424 1430 518 1467 Iesu
552 1429 795 1468 remitteret.
831 1430 888 1468 At
911 1443 984 1467 sua
1008 1429 1044 1468 ei
1079 1429 1227 1480 religio
1260 1430 1469 1481 praesidio
1503 1431 1591 1469 fuit.
1618 1432 1757 1482 Quam

184 1499 295 1538 enim
330 1500 454 1538 fidem
490 1501 583 1539 Deo
616 1500 801 1543 dederat,
837 1500 943 1538 hanc
967 1500 1173 1551 integram
1198 1500 1416 1551 praestitit.
1443 1502 1589 1552 Itaque
1614 1502 1755 1540 Italiae

190 1572 401 1622 extemplo
435 1571 683 1617 valedicens,
721 1572 760 1610 in
794 1571 973 1610 Galliam
1008 1585 1051 1610 se
1084 1572 1272 1617 contulit,
1318 1581 1358 1611 et
1400 1573 1587 1612 Vallibus
1619 1573 1756 1612 Anicii

185 1642 422 1681 sacerdotio
472 1642 586 1688 inito,
638 1643 789 1693 pelago
839 1657 882 1681 se
930 1643 1118 1689 credidit,
1169 1652 1294 1694 atque
1339 1643 1379 1681 in
1413 1657 1503 1682 eam
1538 1645 1756 1683 Americae

184 1722 366 1764 partem,
402 1728 509 1764 quae
553 1728 649 1765 pars
692 1714 744 1752 ad
781 1722 942 1765 septem
984 1714 1141 1753 triones
1180 1714 1341 1765 vergit,
1392 1714 1567 1754 traiecit.
1614 1716 1756 1766 Quum

184 1785 507 1835 Georgiopolim
552 1785 605 1823 ad
639 1794 804 1824 nostros
838 1785 1005 1824 sodales
1044 1785 1293 1829 devenisset,
1340 1799 1480 1824 sacrae
1514 1786 1757 1838 theologiae

184 1856 323 1894 studia
356 1864 418 1894 est
451 1855 710 1907 auspicatus:
744 1864 785 1894 at
808 1855 923 1894 brevi
958 1864 1054 1906 post
1077 1864 1267 1906 tempore
1300 1856 1582 1895 Vorcestriam
1602 1857 1755 1896 missus

184 1936 259 1971 est,
296 1936 339 1966 ut
373 1927 686 1978 philosophiam
721 1927 915 1966 traderet.
951 1928 1059 1966 Sunt
1107 1927 1232 1966 etiam
1267 1928 1337 1978 qui
1371 1927 1615 1978 scripserint
1657 1943 1752 1967 eum

185 1999 354 2050 linguae
388 1999 577 2048 anglicae
615 1999 826 2041 scientem,
873 1999 1096 2037 conciones
1132 1998 1231 2037 inibi
1264 2013 1341 2050 pro
1385 2012 1503 2037 sacro
1547 2009 1753 2050 suggestu

182 2071 236 2109 ad
271 2070 476 2121 populum
511 2069 707 2108 habuisse
732 2072 809 2119 (Ι).

272 2141 448 2180 Biennio
482 2141 522 2179 in
555 2142 751 2180 America
794 2142 1022 2192 persoluto,
1058 2140 1097 2178 in
1133 2140 1293 2179 Italiam
1337 2149 1400 2180 est
1439 2150 1677 2184 revocatus:
1712 2151 1750 2180 et

183 2212 425 2263 theologiae
458 2212 722 2257 curriculum,
759 2212 874 2262 quod
909 2211 948 2249 in
982 2211 1177 2250 America
1209 2211 1278 2250 vix
1311 2211 1554 2262 arripuerat,
1592 2213 1753 2251 Romae

182 2284 378 2334 explevit.
405 2284 493 2322 Sub
516 2283 685 2329 exitum,
717 2282 951 2321 divinarum
976 2282 1242 2321 scientiarum
1267 2282 1611 2334 experimentum,
1637 2284 1751 2334 quod

183 2356 337 2393 Actum
373 2354 584 2405 publicum
608 2354 880 2404 appellamus,
907 2367 984 2403 pro
1009 2353 1211 2391 concione
1233 2353 1433 2397 exhibuit,
1468 2362 1509 2392 et
1541 2362 1752 2404 praestan-

182 2425 332 2464 tissimi
367 2424 551 2463 doctoris
585 2424 773 2475 theologi
808 2438 960 2462 nomen
1004 2432 1066 2462 est
1109 2432 1369 2462 consecutus.
1416 2424 1548 2463 Laetii
1581 2425 1749 2463 demum

183 2497 223 2535 in
258 2497 392 2536 Gallia
424 2496 600 2535 alterum
635 2495 800 2547 pietatis
824 2494 1075 2540 tirocinium,
1102 2503 1146 2533 ut
1179 2495 1309 2533 nostri
1342 2504 1439 2533 sunt
1472 2510 1621 2542 moreS,
1657 2510 1750 2535 con-

182 2569 289 2612 fecit,
324 2577 364 2607 et
399 2569 578 2607 Romam
613 2581 841 2618 regressus,
886 2581 980 2605 cum
1025 2566 1299 2617 scriptoribus
1338 2567 1559 2605 Civilitatis
1607 2568 1749 2606 Catho-

185 2642 289 2678 [icae
332 2639 595 2678 consociatus
636 2646 710 2684 est,
755 2637 984 2689 paucisque
1029 2646 1124 2688 post
1163 2637 1389 2682 mensibus,
1423 2638 1476 2676 ad
1509 2638 1752 2677 sollemnem

182 2719 381 2762 quattuor
414 2719 609 2749 votorum
643 2709 947 2760 professionem
982 2717 1044 2747 est
1077 2716 1308 2759 promotus
1343 2709 1452 2747 Tum
1486 2723 1586 2747 vero
1628 2710 1750 2760 plane

182 2792 244 2820 est
277 2790 552 2832 compertum,
596 2789 798 2832 quantum
843 2780 972 2818 homo
1017 2780 1184 2823 valeret,
1229 2788 1269 2818 et
1303 2793 1427 2830 quam
1462 2779 1610 2818 merito
1644 2780 1749 2819 inter

182 2851 407 2902 scriptores
441 2852 593 2890 relatus
627 2859 747 2893 esset,
784 2850 936 2901 quibus
971 2864 1062 2888 esse
1095 2849 1375 2888 mediocribus
1410 2850 1580 2889 minime
1613 2851 1745 2890 liceat.

273 2922 498 2960 Enimvero
521 2921 626 2960 acris
650 2921 805 2971 ingenii
829 2929 870 2959 et
894 2921 1036 2959 firmae
1061 2920 1286 2958 memoriae
1304 2934 1431 2971 supra
1449 2934 1572 2971 quam
1597 2921 1746 2972 cuique
