1926 3200
270 328 418 376 Neque
442 325 576 363 minus
601 325 818 375 §agrinius
843 323 1010 362 incenso
1034 324 1246 375 religionis
1280 325 1431 371 studio,
1467 340 1591 377 quam
1615 327 1739 365 animi

177 398 430 437 demissione
454 396 612 435 enituit.
639 396 705 434 Ad
728 396 806 434 hoc
829 410 876 433 ea
894 395 969 433 suit
994 394 1032 433 in
1052 409 1197 433 omnes
1215 396 1421 441 comitate,
1444 405 1498 442 ut,
1520 397 1551 435 si
1572 399 1740 448 quando

180 469 425 520 opinionum
459 467 663 505 dissensio
698 466 981 509 intercederet,
1007 466 1240 504 animorum
1264 467 1482 505 consensio
1507 482 1589 506 non
1624 468 1743 507 inter-

180 540 399 590 ciperetur.
436 537 674 581 Enimvero,
710 550 802 575 cum
837 536 934 574 olim
959 537 1178 586 Augustae
1208 537 1487 576 Taurinorum
1522 538 1561 576 in
1585 539 1742 589 templo

182 612 431 649 Sanctorum
472 609 716 659 Martyrum,
756 607 1058 645 confertissima
1096 607 1310 646 hominum
1350 622 1504 647 corona
1537 610 1740 656 adstante,

181 679 548 720 luculentissimam
597 677 827 716 orationem
877 677 1088 715 habuisset
1136 677 1188 715 de
1235 677 1473 717 discrimine
1508 678 1612 718 inter
1645 680 1743 718 cari-

180 760 307 790 tatem
357 750 634 791 christianam,
680 756 804 798 atque
854 747 976 791 illam,
1028 761 1152 797 quam
1202 761 1344 786 recens
1393 749 1740 800 philosophorum

180 823 332 873 vulgus
365 820 717 873 philanthropiam
751 819 949 869 appellat3
984 832 1031 856 ac
1065 819 1249 857 nonnulli
1284 819 1360 857 viri
1394 820 1609 870 primores,
1635 835 1741 872 quos

183 908 232 932 ne
257 893 543 931 nominaverat
567 890 749 941 quidem,
775 889 863 928 eius
887 890 1026 934 verba,
1051 890 1241 940 quamvis
1265 898 1374 928 recte
1404 899 1628 942 sancteque
1652 906 1743 942 pro-

181 966 273 1007 lata,
300 972 470 1015 gravate
494 962 721 1001 admodum
741 960 948 1006 tulissent;
970 960 1069 998 nihil
1093 961 1381 1011 praetermisit,
1407 961 1507 1011 quin
1530 963 1740 1013 extemplo

180 1049 273 1074 cum
309 1034 355 1072 iis
390 1033 429 1071 in
462 1032 638 1083 gratiam
673 1031 837 1070 rediret.
875 1032 1018 1081 Itaque
1051 1039 1114 1069 est
1137 1031 1344 1081 pollicitus
1377 1045 1432 1076 se,
1469 1031 1508 1070 in
1542 1033 1741 1072 concione

180 1106 368 1157 proxima
402 1103 646 1154 insequenti,
682 1103 818 1154 palam
853 1102 1234 1153 prommciaturum.
1280 1117 1364 1149 eos,
1401 1103 1440 1141 in
1474 1118 1651 1154 quorum
1686 1105 1742 1143 of-

179 1176 408 1215 fensionem
443 1184 587 1214 contra
621 1182 764 1212 votum
799 1173 1022 1216 incidisset,
1069 1173 1180 1211 nulla
1218 1187 1389 1224 prorsus
1433 1174 1592 1213 ratione
1636 1175 1741 1214 inter

171 1248 492 1299 philanthropos
524 1259 614 1284 esse
647 1244 882 1287 habendos:
908 1244 1251 1295 quandoquidem
1275 1259 1318 1283 se
1342 1244 1497 1284 Christi
1527 1246 1738 1285 caritatem

178 1319 323 1357 sectari
358 1317 664 1368 profiterentur.
702 1316 831 1354 Porro
865 1315 974 1353 hunc
1006 1315 1161 1354 exitum
1186 1329 1250 1354 res
1274 1316 1498 1362 habuisset,
1535 1316 1611 1355 nisi
1635 1331 1741 1368 quae

179 1398 339 1428 secreto
373 1397 493 1439 pacta
524 1396 652 1432 erant,
684 1386 822 1425 statim
856 1395 1000 1425 contra
1033 1387 1173 1425 datam
1208 1386 1331 1425 fidem
1355 1387 1395 1425 in
1430 1388 1579 1438 vulgus
1613 1388 1741 1427 didita

178 1468 328 1499 essent.
365 1461 510 1510 Itaque
533 1472 662 1510 quum
693 1458 840 1508 ingens
864 1466 987 1508 atque
1012 1458 1193 1496 insolens
1216 1457 1433 1496 hominum
1467 1459 1739 1509 omnigenum

178 1545 405 1570 concursus
439 1530 491 1569 ad
523 1544 680 1569 sacram
715 1529 858 1568 aedem
892 1537 1000 1567 esset
1033 1529 1176 1573 factus,
1213 1537 1268 1573 ut,
1313 1530 1427 1580 quod
1460 1529 1636 1576 aiebant,
1672 1531 1741 1569 Sa-

180 1602 360 1653 grinium
395 1601 647 1652 palinodiam
681 1608 896 1639 canentem
930 1599 1140 1638 cachinnis
1172 1601 1422 1650 exciperent;
1458 1600 1523 1639 hic
1556 1601 1742 1640 modera-

180 1682 317 1713 torum
351 1686 522 1711 suorum
556 1671 681 1715 iussu,
717 1671 787 1721 qui
835 1684 929 1709 eum
977 1670 1142 1721 culpam
1190 1671 1373 1717 elevare,
1419 1671 1572 1710 nedum
1607 1672 1736 1715 fateri,

179 1758 304 1796 quam
339 1757 420 1781 non
455 1742 701 1787 admisisset,
738 1741 891 1780 idcirco
914 1741 1233 1792 prohibuerunt,
1258 1742 1298 1780 in
1323 1756 1473 1781 novam
1508 1743 1739 1781 orationem

179 1800 404 1865 ingressus,
441 1813 541 1851 nihil
574 1813 745 1851 omnino
778 1813 830 1850 de
864 1812 911 1850 iis
944 1812 1095 1863 attigit,
1131 1826 1236 1863 quae
1271 1813 1310 1851 in
1344 1814 1608 1864 praecedenti
1650 1828 1741 1865 pro-

180 1887 340 1929 tulerat.
376 1894 499 1936 atque
533 1883 761 1923 incredibili
795 1884 1127 1922 adversariorum
1161 1892 1332 1935 stupore
1365 1898 1411 1923 ac
1444 1885 1617 1935 pudore,
1654 1899 1739 1924 rem

179 1966 310 1997 totam
344 1956 507 1995 silentio
541 1955 691 2007 pressit
714 1957 790 2004 (3).

271 2027 369 2066 Eius
403 2027 635 2069 conciones,
671 2025 917 2064 elocutionis
943 2025 1161 2075 elegantia,
1187 2033 1530 2075 argumentorum
1565 2026 1616 2069 vi,
1653 2041 1740 2065 sen-

179 2098 404 2137 tentiarum
437 2098 612 2139 delectu,
648 2105 687 2135 et
722 2109 842 2139 nexu,
878 2109 961 2146 quo
1005 2095 1144 2134 onmia
1187 2095 1262 2133 sibi
1297 2105 1501 2147 perpetuo
1533 2106 1738 2140 constant,

179 2177 303 2220 atque
338 2169 377 2206 in
427 2182 553 2206 unum
597 2167 845 2211 coalescunt,
886 2180 908 2203 a
949 2165 1218 2204 concionibus
1268 2166 1382 2205 Pauli
1432 2167 1622 2217 Segnerii
1671 2167 1740 2206 Se-

180 2240 306 2279 nioris
340 2254 422 2278 non
456 2240 581 2290 longe
615 2239 759 2277 abesse
792 2246 1025 2276 censentur.
1061 2238 1116 2276 At
1149 2238 1311 2276 veroin
1335 2238 1493 2276 ciendis
1526 2237 1740 2277 affectibus

178 2312 230 2349 ab
265 2311 410 2349 iisdem
445 2310 668 2360 plurimum
703 2309 869 2347 distant.
912 2308 978 2346 Ad
1022 2308 1099 2346 hoc
1142 2307 1251 2346 enim
1287 2309 1504 2359 Sagrinius
1537 2323 1560 2347 a
1594 2317 1740 2347 natura

178 2396 324 2433 parum
358 2389 623 2431 comparatus
657 2388 743 2418 erat
767 2381 843 2429 (4).
