1926 3200
864 245 1125 271 -IOO—

203 351 379 387 quarum
415 337 556 376 titulos
591 338 693 376 infra
727 338 1006 377 subiiciemus.
1043 340 1167 379 Anno
1207 352 1530 384 MDCCCXLVHI,
1577 357 1661 394 quo
1696 344 1770 382 So-

203 407 329 446 cietas
376 408 468 446 Iesu
501 422 524 446 a
557 408 883 459 Subalpinorum
932 409 1090 449 ditione
1134 411 1318 461 expulsa.
1370 411 1583 463 ingentem
1632 427 1770 452 rerum

202 492 371 517 suarum
421 479 620 518 iacturam
669 479 774 526 tulit,
825 480 1108 520 Centurionus
1142 481 1182 520 in
1220 482 1366 521 eadem
1400 483 1566 522 fortuna
1598 484 1767 531 versari,

204 558 329 601 atque
363 550 403 589 in
437 551 605 589 exilium
639 551 735 602 pelli
768 552 924 597 maluit,
961 566 1087 603 quam
1121 553 1161 591 in
1194 553 1371 604 patriam
1415 568 1458 593 se
1498 555 1693 606 recipere,
1729 565 1770 595 et

205 621 325 660 avitis
373 622 524 673 opibus
572 622 662 661 frui.
701 623 846 674 Itaque
879 623 1075 662 Anicium
1109 624 1149 662 in
1183 624 1374 669 Galliam,
1424 625 1520 664 dein
1560 626 1768 666 Lutetiam

212 692 464 731 Parisiorum
498 693 681 733 secessit.

296 764 439 802 Rebus
464 764 609 803 italicis
634 764 673 803 in
698 765 908 816 integrum
937 765 1150 811 restitutis,
1187 766 1407 817 Neapolim
1441 767 1634 818 primum,
1675 767 1771 806 dein

211 834 388 873 Romam
418 835 550 881 venit3
586 835 726 886 ibique
755 836 939 875 Henrico
971 837 1119 883 Vasco,
1151 851 1231 876 una
1259 852 1352 876 curn
1382 838 1564 889 Iosepho
1598 839 1767 889 Bayma,

206 919 360 956 magno
393 906 468 945 fuit
501 906 744 946 adiumento
778 907 817 945 in
841 921 967 958 opere
990 908 1291 948 conscribendo
1314 909 1366 947 de
1395 923 1503 948 nova
1532 909 1767 948 studiorum

205 975 362 1014 ratione
386 976 425 1014 in
450 986 613 1016 nostras
636 977 799 1016 scholas
823 977 1068 1017 invehenda.
1095 979 1159 1017 De
1182 992 1266 1030 quo
1290 988 1539 1030 argumento
1563 979 1693 1019 fusius
1727 979 1766 1018 in

206 1047 325 1086 Vasci
350 1048 490 1099 elogio
524 1049 756 1099 loquemur.
783 1049 842 1087 Ea
875 1057 1123 1100 tempestate
1155 1049 1469 1100 grammaticam
1503 1051 1766 1089 vernaculam

204 1119 419 1157 rudiorum
452 1120 591 1170 captui
624 1120 951 1167 accomodatam,
987 1129 1027 1160 et
1059 1121 1164 1159 bene
1188 1130 1348 1160 morata
1381 1121 1632 1172 scriptorum
1667 1122 1766 1160 itali-

201 1205 344 1230 corum
378 1200 583 1242 excerpta.
618 1191 802 1242 aliasque
826 1192 982 1243 opellas
1006 1192 1047 1230 in
1069 1192 1222 1244 vulgus
1252 1189 1436 1243 protulit.
1474 1193 1762 1239 Postmodum,

200 1271 399 1313 quattuor
431 1261 652 1313 religiosae
684 1262 950 1313 perfectionis
980 1272 1077 1302 vota
1109 1263 1333 1314 professus,
1370 1263 1657 1315 magisterium
1682 1263 1764 1315 pie-

200 1333 294 1372 tatis
329 1333 368 1371 in
403 1333 595 1384 Collegio
629 1334 942 1373 Massae-Ducis
975 1333 1083 1380 iniit,
1132 1334 1438 1373 concionatoris
1487 1348 1658 1373 munere
1701 1343 1763 1373 est

199 1405 376 1449 functus,
412 1404 574 1456 aliaque
607 1404 824 1456 praestitit,
860 1405 1012 1456 quibus
1045 1406 1309 1444 alumnorum
1343 1405 1431 1444 eius
1454 1406 1619 1456 collegii
1651 1406 1762 1444 bono

198 1475 411 1522 litterario,
447 1484 487 1514 et
520 1490 684 1515 morum
718 1476 945 1527 integritati
980 1476 1210 1527 prospexit.

289 1547 371 1585 Diu
420 1546 544 1586 etiam
594 1546 756 1585 Bastiae
806 1546 846 1585 in
896 1547 1066 1586 Corsica
1114 1556 1176 1586 est
1209 1555 1514 1591 commoratus:
1550 1546 1689 1597 ibique
1722 1546 1763 1585 in

197 1617 410 1668 publicum
433 1631 640 1669 egressus,
671 1619 797 1656 verba
821 1631 897 1668 pro
920 1632 1037 1657 sacro
1061 1626 1267 1669 suggestu
1290 1618 1343 1656 ad
1366 1618 1569 1668 populum
1603 1617 1758 1663 habuit,

194 1688 357 1740 aliaque
381 1688 546 1740 pletatis
571 1688 799 1727 ministeria
822 1689 937 1728 obire
971 1688 1122 1740 coepit.
1159 1689 1269 1727 Hinc
1303 1689 1494 1728 Genuam
1528 1688 1754 1733 contendit,

194 1768 234 1799 et
267 1760 473 1811 reliquum
507 1759 616 1799 vitae
649 1769 815 1811 tempus
849 1760 889 1798 in
923 1760 1048 1799 sacris
1092 1759 1375 1805 concionibus,
1420 1761 1485 1798 vel
1532 1761 1654 1806 clero,
1686 1760 1753 1798 vel

194 1830 400 1881 religiosis
434 1830 610 1873 familiis.
647 1831 710 1869 vel
743 1830 992 1870 christianae
1026 1831 1147 1882 plebi,
1183 1832 1259 1870 hac
1297 1831 1443 1869 eadem
1478 1831 1517 1869 in
1551 1832 1664 1877 urbe,
1695 1831 1760 1869 vel

195 1901 233 1939 in
267 1901 355 1939 aliis
398 1900 706 1952 compluribus,
751 1901 918 1940 assidua
956 1901 1044 1940 vice
1088 1901 1323 1947 tradendis,
1368 1901 1557 1940 confecit.
1604 1902 1758 1940 Orator

192 1972 267 2011 fuit
301 1973 539 2023 probabilis,
575 1972 767 2018 disertus,
794 1973 1051 2025 perspicuus,
1076 1982 1201 2024 atque
1224 1973 1461 2024 omnigenis
1494 1972 1753 2011 auditoribus

192 2043 518 2094 acceptissimus.
571 2044 753 2083 Plurima
800 2044 1049 2083 concionum
1092 2044 1327 2090 volumina,
1378 2057 1484 2095 quae
1532 2043 1669 2082 decies
1716 2052 1757 2082 et

193 2115 318 2154 vicies
342 2123 438 2154 sunt
461 2115 583 2163 edita,
609 2115 844 2166 posteritati
868 2115 1151 2167 consignavit:
1176 2129 1352 2167 quarum
1386 2115 1634 2154 concionum
1659 2128 1758 2153 non-

193 2187 327 2225 nullae
365 2186 512 2238 gallice
545 2196 586 2226 et
623 2187 837 2238 hispanice
875 2196 971 2226 sunt
1010 2187 1209 2226 redditae.
1251 2187 1415 2225 Partem
1460 2185 1682 2224 maximam
1715 2186 1755 2224 in

190 2271 310 2295 usum
343 2257 451 2301 cleri,
487 2257 623 2296 minus
656 2257 819 2304 eruditi,
855 2258 920 2296 vel
944 2257 1216 2309 pauperioris,
1252 2266 1348 2296 sunt
1371 2257 1593 2301 confectae,
1625 2265 1752 2308 atque

186 2329 239 2367 ad
272 2328 404 2379 plebis
438 2328 621 2368 minutae
654 2338 694 2368 et
726 2343 951 2380 puerorum
994 2337 1162 2380 captum
1206 2329 1517 2368 accomodatae.
1566 2328 1656 2366 Hac
1701 2328 1754 2366 de

187 2414 321 2443 causa,
358 2399 500 2439 Italiae
533 2400 660 2439 totius
694 2414 767 2451 per
800 2402 923 2440 urbes
956 2410 996 2440 et
1029 2400 1197 2452 oppida,
1233 2399 1348 2439 brevi
1383 2399 1584 2450 temporis
1618 2399 1750 2450 lapsu,

189 2479 285 2509 sunt
319 2470 488 2510 diditae.

279 2542 343 2580 De
377 2541 583 2593 religiosis
617 2543 862 2582 Centurioni
911 2542 1148 2588 virtutibus,
1198 2542 1299 2580 haec
1341 2541 1563 2592 praecipue
1596 2554 1753 2579 memo—

190 2621 352 2651 moratu
385 2612 513 2661 digna
545 2613 751 2652 existimo.
778 2613 1113 2652 Moderatoribus
1136 2613 1249 2652 dicto
1282 2611 1454 2650 audiens
1487 2612 1574 2655 fuit,
1609 2620 1655 2650 ut
1677 2610 1749 2662 qui

187 2683 387 2725 maxime:
423 2697 557 2735 neque
590 2684 719 2722 ullum
750 2671 933 2735 unquam
956 2685 1141 2723 laborem
1165 2683 1387 2734 suscipere,
1424 2683 1488 2721 vel
1522 2683 1658 2721 locum
1682 2682 1750 2720 ad-

185 2755 253 2794 ire,
289 2762 477 2804 tempore
511 2755 773 2806 intempesto,
809 2756 873 2794 vel
907 2755 1052 2794 itinere
1092 2754 1296 2798 insolenti,
1342 2753 1602 2792 detrectavit.
1638 2753 1745 2792 Ocu-

186 2825 319 2863 lorum
354 2826 593 2865 caecitatem
627 2827 710 2865 fere
734 2827 911 2877 plenam,
937 2841 1089 2878 magna
1112 2825 1236 2865 animi
1260 2825 1571 2876 tranquillitate,
1596 2823 1748 2875 viginti

187 2904 226 2934 et
260 2896 438 2946 amplius
471 2911 601 2935 annos
635 2905 697 2936 est
721 2911 963 2948 perpessus:
998 2911 1082 2948 quo
1111 2897 1234 2936 etiam
1258 2905 1459 2946 tempore,
1494 2895 1625 2934 aliena
1648 2908 1747 2934 usus
