1926 3200
838 257 1098 293 -190-

179 358 264 381 ram
295 348 639 382 Commentarius...
668 348 879 383 notationes
891 352 1093 392 praeterea
1112 352 1422 395 quamplurimae,
1448 356 1526 388 tum
1552 357 1597 390 P.
1627 358 1746 391 Fran—

176 405 269 440 cisci
305 407 515 441 Zachariae
553 412 634 441 Soc.
675 409 771 445 Iesu,
816 409 924 452 qui...
966 411 1044 442 tum
1083 411 1128 444 P.
1168 411 1320 454 Iosephi
1349 414 1557 458 Brunengo
1583 416 1745 451 eiusdem

177 466 328 504 Societ„
362 467 426 509 qui
449 478 503 500 ex
531 467 803 502 recentioribus
841 469 1091 502 mommlentis
1124 469 1222 503 illud
1245 474 1370 514 (opus)
1396 473 1616 509 illustravit.
1645 477 1744 510 Tau-

177 525 263 565 rini,
294 526 474 566 Marietti‚
507 528 650 568 1882-4‚
680 528 732 567 8⁴²,
762 537 780 569 5
809 528 901 568 vol.‚
930 539 995 571 pp.
1024 531 1196 570 vni—808,
1228 540 1331 572 1070,
1371 534 1475 573 1118,
1504 543 1585 575 972,
1614 537 1695 568 612.

249 602 288 639 30
317 597 442 640 Opem
482 598 643 631 contulit
684 598 790 632 libris
825 599 1139 639 conscribendis,
1176 601 1241 643 qui
1280 612 1302 634 a
1341 602 1573 644 quibusdam
1625 605 1749 639 Civili-

177 655 268 690 tatis
298 656 513 691 Catholicae
540 657 792 700 scriptoribus
819 658 987 702 evulgati
1015 665 1103 693 sunt
1131 660 1316 694 adversus
1350 661 1520 703 libellos,
1549 674 1647 706 quos
1678 665 1746 698 Ca-

172 716 276 750 rolus
304 716 463 750 Curcius
490 717 610 750 edidit
638 723 843 760 postquam
870 729 891 751 a
917 718 1109 752 Societate
1137 720 1224 753 Iesu
1251 720 1404 755 defecit.

249 788 385 822 Exstat
413 788 571 822 demum
601 789 794 832 Brunengi
821 789 1058 832 epigramma
1095 790 1255 825 latinum
1286 791 1322 825 in
1362 793 1562 835 opusculo,
1603 795 1663 828 cui
1699 795 1744 828 ti—

174 847 279 881 tulus
305 848 430 881 Isaiae
460 847 689 881 Carminatii
720 849 759 882 S.
788 849 820 882 l.
857 849 1092 882 Auditorum
1123 850 1382 884 Clzeriensium
1412 852 1586 886 Carmina
1613 856 1742 887 Sacra.

175 907 312 940 Edidit
337 908 517 941 Salvator
548 907 832 951 Casagrandius
857 919 911 942 ex
948 909 1075 943 eadem
1109 910 1307 944 Societate.
1345 911 1508 946 Excudit
1543 913 1744 956 Augustae

173 967 434 1001 Taurinorum
461 967 689 1001 Vincentius
719 968 838 1007 Bona,
868 968 985 1011 Regis
1014 969 1144 1003 Italiae
1172 970 1395 1005 Officinator
1422 971 1616 1006 Librarius
1643 983 1744 1007 anno

173 1035 239 1061 cro
267 1035 385 1062 Ioccc
413 1036 552 1060 xcviii.

246 1096 297 1130 A.
329 1096 521 1135 Narratio,
550 1107 665 1139 quam
694 1096 742 1130 de
780 1097 1005 1140 expulsione
1044 1103 1264 1132 nostrorum
1303 1099 1494 1134 sodalium
1521 1112 1542 1134 a
1569 1102 1742 1145 Collegio

175 1156 388 1190 Melanensi
415 1156 453 1189 in
480 1156 770 1199 Allobrogibus,
811 1162 849 1191 et
887 1157 935 1190 de
974 1168 1045 1191 suo
1080 1157 1213 1191 itinere
1239 1158 1457 1202 Augustam
1484 1161 1740 1195 Taurinorum

172 1226 322 1256 versus,
352 1217 581 1259 Brunengus
602 1227 716 1250 manu
735 1227 805 1250 sua
822 1217 1003 1253 exaravit.
1024 1223 1241 1251 asservatur
1260 1218 1296 1251 in
1316 1219 1503 1253 tabulario
1522 1221 1739 1263 provinciae

170 1275 405 1309 taurinensis
432 1276 472 1309 S.
504 1276 533 1309 I.

759 1847 1148 1916 NOTAE

231 2146 276 2182 (1)
302 2143 555 2182 Ephemericles
590 2143 783 2174 Civilitatis
820 2143 1019 2173 Gilliolic‘ae·
1053 2143 1136 2173 haec
1173 2144 1318 2173 habent:
1362 2143 1456 2173 ⁴Nel
1492 2145 1568 2181 1848
1599 2145 1626 2173 si
1659 2143 1735 2173 reeb

166 2199 258 2237 negli
283 2198 370 2229 Stati
396 2198 503 2233 Uniti‚
529 2207 592 2228 ove
616 2196 759 2227 esercitc')
784 2197 806 2226 il
831 2197 1009 2227 ministero
1032 2197 1256 2233 sacerdotale,
1275 2207 1293 2227 e
1310 2202 1418 2227 attese
1447 2207 1511 2227 con
1536 2198 1641 2228 frutto
1668 2199 1736 2228 alla

167 2252 420 2291 predicazione,
436 2251 657 2290 possedendo
670 2251 758 2281 assai
774 2252 861 2280 bene
875 2251 908 2281 la
921 2251 1041 2289 lingua
1055 2251 1185 2289 inglese
1203 2265 1227 2280 ψ.
1244 2251 1340 2281 Serie
1354 2252 1450 2287 XIV,
1470 2252 1537 2282 vol.
1558 2260 1595 2287 x,
1615 2261 1647 2289 p.
1662 2251 1733 2297 619·

230 2319 275 2356 (2)
302 2319 353 2347 Ex
376 2317 668 2355 ephemeridibus
691 2318 744 2347 La
772 2317 901 2347 Civilia
928 2317 1096 2347 Callolica
1133 2317 1206 2346 loco
1229 2326 1336 2354 supra
1359 2317 1475 2353 citato,
1500 2326 1541 2346 ex
1564 2317 1736 2347 tabulario

167 2371 366 2408 provinciae
389 2371 604 2401 taurinensis
628 2372 662 2401 S.
691 2372 716 2400 Ι.
742 2376 775 2400 et
808 2371 951 2408 privatis
985 2370 1129 2403 notitiis,
1164 2379 1205 2400 ea
1238 2369 1533 2408 deprompsimus,
1569 2379 1659 2408 quae
1693 2370 1736 2400 de

169 2425 354 2462 Brunengo
371 2424 601 2454 narravimus.
622 2426 785 2455 Ceterum
804 2424 902 2454 illum
920 2434 1034 2454 coram
1052 2424 1225 2459 novimus,
1244 2423 1419 2461 siquidem
1437 2433 1515 2453 cum
1533 2433 1574 2453 eo
1593 2425 1733 2460 Romae,

169 2478 315 2507 Genuae
338 2482 372 2508 et
397 2478 555 2507 Monoeci
581 2477 641 2507 diu
666 2477 869 2507 commorati
895 2486 1028 2506 sumus.
