1926 3200
143 303 362 342 mathesim
407 313 518 342 tanta
567 305 786 343 sedulitate
836 318 933 355 prae
980 304 1128 342 ceteris
1181 304 1412 355 disciplinis
1460 306 1616 351 coluit,
1662 314 1707 345 ut

143 373 299 424 primas
338 384 543 425 perpetuo
587 375 738 419 tulerit,
780 383 819 413 ct
859 375 999 425 potius
1038 375 1198 421 doctor,
1234 389 1357 426 quam
1391 375 1620 427 discipulus
1653 376 1708 416 sit

143 444 269 483 visus.
308 445 416 484 Hinc
450 446 640 485 Genuam
676 445 799 488 venit,
827 455 869 484 ut
894 445 933 483 in
957 446 1148 496 Collegio
1174 446 1392 484 Albertino
1416 446 1573 485 litteras
1606 447 1707 497 poli-

142 515 268 561 tiores
302 517 496 558 traderet.
541 525 581 555 et
623 530 733 555 anno
762 527 930 567 postero
963 517 1191 555 Novariam
1225 517 1448 567 profectus,
1485 518 1706 557 mathesim

142 586 181 624 in
215 587 407 635 Collegio
441 587 670 626 Gallarinio
694 587 1026 638 quadriennium,
1051 602 1097 625 ac
1126 588 1375 626 rhetoricam
1398 602 1550 627 annum
1576 603 1706 627 unum

142 657 354 708 professus
386 667 461 697 est.
487 659 580 709 Qua
614 658 654 696 in
686 668 772 697 arte
796 667 883 696 tum
908 658 1150 709 praesertim
1181 659 1321 707 magni
1350 659 1401 697 ab
1425 660 1618 698 omnibus
1642 668 1706 698 est

142 728 319 771 habitus.
350 742 478 780 quum
511 729 798 768 excellentium
841 729 995 767 civium
1039 729 1349 768 novariensium
1393 744 1457 768 res
1495 731 1706 781 praeclare

142 808 282 849 gestas
316 799 470 850 pulcris
512 798 778 845 carminibus,
824 809 863 838 et
907 799 1058 850 lyricis,
1093 808 1134 838 et
1176 799 1426 846 dramaticis,
1469 809 1531 839 est
1564 814 1704 851 prose-

141 878 308 920 quutus,
344 878 388 909 ut
420 869 559 908 eximii
593 869 698 908 vatis
731 870 882 908 famam
924 870 1002 909 sibi
1035 870 1352 921 comparaverit.

230 941 308 979 Per
351 941 391 979 id
438 940 563 979 etiam
612 949 791 991 tempus,
835 941 875 979 ni
920 955 1057 980 rerum
1102 941 1206 980 ordo
1254 955 1320 980 me
1353 941 1466 988 fallit,
1501 957 1702 994 magnum

138 1024 287 1061 poema
321 1010 503 1049 italicum
537 1010 588 1049 de
621 1011 915 1061 Christophori
941 1011 1135 1050 Columbi
1171 1011 1318 1050 itinere
1341 1012 1475 1051 navali
1509 1013 1700 1059 confecit,

137 1081 253 1119 cuius
286 1081 386 1119 haec
421 1089 483 1119 est
516 1081 774 1120 enunciatio:

540 1181 669 1220 Canto
701 1183 737 1220 le
769 1184 870 1220 navi
899 1183 1006 1220 ibere
1038 1196 1058 1220 e
1090 1184 1126 1220 il
1158 1182 1371 1232 Capilano,

469 1252 550 1290 Clze
580 1254 648 1290 osc>
679 1266 831 1291 ‘t'arcczr
862 1254 1092 1290 l’ailcmtz'ca
1114 1254 1329 1304 ⁴alnfiz‘rite,

461 1324 504 1361 E
529 1325 781 1362 all’eslremo
811 1324 947 1375 confin
979 1325 1076 1362 dell'
1088 1324 1248 1362 Oceano

461 1394 587 1432 Molli
615 1396 740 1445 regni
767 1395 913 1444 scopri,
945 1396 1068 1445 genti
1096 1395 1271 1446 infinite,

460 1465 503 1503 E
528 1467 576 1503 al
600 1469 792 1515 supremo
825 1465 978 1504 Pastor
1007 1466 1077 1503 del
1115 1465 1310 1504 Vaticano

461 1536 522 1573 Le
541 1535 611 1585 se'
643 1537 790 1581 devote,
828 1550 848 1574 e
880 1537 916 1574 le
947 1540 1140 1574 sottrasse
1170 1550 1196 1574 a
1227 1537 1329 1575 Dite
1347 1538 1425 1587 (2).

138 1708 230 1746 Hoc
263 1717 469 1758 poemate,
504 1708 620 1759 quod
652 1700 892 1760 temporum
926 1709 1086 1756 iniuria,
1121 1711 1186 1748 vel
1215 1711 1356 1761 potius
1389 1711 1607 1750 hominum
1643 1712 1699 1751 in-

134 1778 247 1816 curia
279 1778 470 1829 deperiit,
505 1779 710 1829 Torquati
743 1779 861 1817 Tassi
896 1793 1093 1818 numeros
1126 1789 1190 1820 est
1231 1782 1477 1820 aemulatus.
1514 1783 1561 1821 Id
1603 1782 1699 1822 licet

134 1849 277 1887 videre
316 1849 357 1887 in
399 1850 474 1888 hac
506 1864 703 1888 versuum
746 1850 954 1901 ogdoade,
989 1864 1071 1901 qua
1103 1865 1250 1902 rupem
1284 1852 1503 1892 describit:

536 1949 666 2000 Serge
697 1951 830 1988 divisa
860 1952 967 1989 dalle
998 1965 1149 1989 umane
1174 1953 1305 2002 genti,

458 2021 498 2057 A
533 2024 671 2058 terror
701 2021 765 2058 de’
800 2023 977 2066 mortali,
1015 2023 1160 2060 orrida
1192 2027 1308 2073 rupe.

461 2090 619 2140 Spuma
651 2091 696 2128 di
724 2095 823 2129 sotto
855 2093 891 2129 il
919 2106 1024 2138 mar,
1040 2093 1251 2144 fisclziano
1283 2094 1301 2130 τ’
1329 2095 1442 2131 venti

459 2161 547 2198 Fra
581 2162 616 2198 le
647 2175 820 2200 caverne
851 2163 1055 2200 {enebrose
1085 2176 1106 2200 e
1137 2167 1261 2213 cape,-

459 2232 752 2270 Elernamente
783 2234 834 2271 da
867 2234 1006 2271 lonlan
1039 2235 1083 2271 vi
1111 2236 1219 2272 senti

458 2303 620 2341 Λαίναν
651 2304 686 2341 le
716 2317 855 2354 cagne,
893 2305 946 2342 ed
973 2305 1118 2343 zclzclar
1149 2305 1185 2342 le
1217 2305 1334 2355 lupe,-

459 2374 501 2411 E
527 2378 638 2411 cento
669 2375 771 2412 ‘colle
803 2376 838 2412 le
869 2376 1080 2424 Spelonclze
1111 2376 1230 2413 sorde

457 2444 737 2482 Rimandarsz'
765 2446 800 2482 le
832 2447 921 2483 voci
948 2458 969 2483 e
1001 2447 1036 2483 il
1062 2458 1164 2484 saon
1196 2446 1378 2484 discorde
1401 2447 1478 2497 (3).

133 2544 301 2582 Novum
325 2543 449 2582 etiam
468 2558 704 2583 sermonem
722 2545 983 2595 excogitasse
1000 2544 1141 2591 fertur,
1161 2545 1232 2596 qui
1252 2545 1486 2584 communis
1504 2545 1692 2585 omnium

131 2622 252 2665 esset,
287 2622 328 2652 et
359 2628 444 2665 quo
466 2614 731 2665 potissimum
764 2614 956 2654 homines
988 2615 1253 2654 mercuriales
1285 2624 1512 2663 uterentur,
1541 2616 1594 2655 ad
1626 2630 1694 2656 ne-

131 2685 247 2735 gotia
301 2684 457 2735 ubique
504 2694 707 2724 terrarum
751 2685 909 2724 facilius
951 2686 1222 2736 expedienda.
1258 2687 1384 2725 Hunc
1415 2700 1516 2725 vero
1549 2686 1604 2726 ita
1636 2695 1692 2726 te-

131 2755 334 2806 nebatac
366 2756 681 2805 pronunciabat,
712 2764 755 2794 ut
788 2756 975 2795 omnium
1008 2756 1327 2796 admirationem
1360 2757 1570 2797 excitaret.

153 2817 155 2819 ¹
221 2825 449 2864 Plurimum
492 2836 706 2877 praeterea
751 2827 971 2873 insudavit,
1017 2836 1061 2866 ut
1105 2827 1307 2866 rationem
1352 2827 1567 2875 inveniret,
1608 2842 1691 2880 qua

1585 2929 1614 2953 ¹3
