1926 3200
252 329 378 370 Magni
405 329 562 362 omnino
587 335 645 362 est
673 328 870 369 momenti,
905 335 942 361 et
974 334 1135 361 venuste
1170 328 1379 362 admodum
1410 329 1639 371 conscripta.
1668 329 1740 363 As-

176 393 347 420 servatur
362 388 398 420 in
426 388 611 421 tabulario
637 387 854 430 provinciae
880 387 1110 420 taurinensis
1137 387 1338 421 Societatis
1359 388 1459 421 Iesu.
1490 387 1658 421 Consule
1686 387 1740 420 sis

176 456 275 487 quae
303 446 351 479 (le
377 458 421 479 ea
449 447 485 479 in
515 448 678 489 ssaymae
705 447 832 489 elogio
858 446 1170 488 conscripsimus.

247 523 281 557 c)
312 517 351 549 In
379 516 516 550 eodem
554 517 741 550 tabulario
779 521 1023 550 asservantur
1061 516 1142 550 eius
1177 517 1345 550 carmina
1373 517 1496 550 italica
1523 517 1559 551 in
1587 516 1740 550 laudem

175 574 361 609 clarorum
376 575 542 609 virorum
558 576 854 610 novariensium.
872 576 1054 609 Confecta
1069 581 1156 608 sunt
1175 575 1361 609 Novariae
1374 587 1474 610 anno
1490 585 1738 610 MDCCCXle.

179 635 263 668 Non
291 640 379 667 sunt
405 640 533 668 tamen
560 636 811 677 autographa,
841 635 909 668 sed
937 635 1165 677 transcripta
1191 635 1238 667 ab
1266 635 1350 668 eius
1378 635 1575 669 sodalibus
1603 635 1639 668 in
1665 634 1740 668 col-

176 693 276 734 legio
301 693 515 726 novariensi
543 698 631 726 ante
658 704 800 727 annum
829 703 1107 727 iioccchvni.
1138 694 1194 726 En
1233 693 1300 726 tibi
1328 704 1460 727 eorum
1487 698 1737 736 argumenta:

322 763 352 785 l.
382 752 555 794 Dissatla
581 752 623 784 dc·
647 752 758 794 Napo
784 752 882 784 della
917 752 952 784 T
948 762 1047 789 orre,
1080 752 1211 785 azione
1238 751 1500 785 drammatica.

318 822 351 843 2,
381 811 566 843 silleansa
592 812 650 843 κο·
686 811 890 847 Τοι’νι”α)ιι“,·
917 811 1021 844 inno.

313 880 349 909 3.
379 869 578 911 Jlansredi
602 870 659 902 lee
685 869 726 902 di
750 870 915 911 Puglia:
941 870 1121 904 ottonari.

317 941 351 971 4.
382 929 553 971 lJisfizlla
579 928 641 962 dei
674 929 880 965 Torrz'am':
906 929 1138 963 decasillabi.

313 998 351 1030 5.
383 987 572 1021 Brunasio
600 987 637 1021 in
664 988 835 1023 illilano:
861 988 936 1022 ode
963 988 1172 1031 pindarica.

318 1049 351 1079 6.
385 1048 571 1089 Campano
597 1049 815 1080 astronomo
827 1059 839 1082 ,·
866 1047 1004 1080 senari.

246 1106 347 1139 luter
372 1106 522 1139 chartas
551 1106 590 1139 P.
622 1106 777 1139 Henrici
820 1107 935 1140 Vasci
973 1107 1067 1140 haec
1105 1107 1189 1146 alia,
1232 1108 1395 1149 Baymae
1422 1117 1536 1140 manu
1564 1111 1730 1146 exarata,

174 1167 263 1194 sunt
289 1168 451 1203 reperta,
480 1171 578 1203 quae
605 1161 722 1195 modo
749 1162 786 1194 in
813 1162 1000 1195 tabulario
1026 1167 1240 1196 memorato
1266 1162 1555 1196 custodiuntur:

244 1220 284 1260 d)
313 1231 345 1253 l.
383 1220 395 1252 Ι
407 1220 473 1252 'oto
499 1220 541 1252 di
557 1220 738 1262 parecclzi
764 1220 885 1253 l’adm'
910 1220 1060 1253 intorno
1078 1221 1151 1254 alle
1162 1220 1273 1263 parti
1282 1220 1411 1263 prima
1437 1231 1456 1254 e
1481 1220 1638 1254 seconcia
1665 1221 1740 1253 dcl-

175 1279 334 1321 l'Opercz
360 1278 423 1311 del
447 1279 490 1311 P.
528 1279 642 1312 Vasco
669 1279 697 1312 Il
726 1279 839 1313 Ratio
866 1279 1095 1313 studiorum.

244 1352 278 1389 e)
305 1361 339 1382 2.
373 1349 527 1391 Quadra
553 1349 727 1383 sinoltico
754 1349 971 1383 dell¹inlero
995 1360 1102 1383 corso
1136 1349 1177 1382 de·
1200 1350 1320 1382 studii
1343 1349 1561 1383 Ιείίενανί...
1590 1350 1734 1383 Avver-

174 1409 278 1441 letne
298 1407 587 1450 prelimz'uari...
628 1408 895 1441 ()sservo:ioni
925 1408 1082 1442 relalive
1117 1409 1193 1440 alla
1220 1408 1434 1450 principale
1460 1408 1741 1450 modificasz'one

174 1467 382 1500 introdotta
409 1469 471 1501 nel
487 1467 631 1501 melodo
658 1467 721 1500 del
743 1467 855 1501 Ratio
875 1467 1089 1501 studiorum
1110 1472 1184 1510 per
1201 1467 1256 1500 cic)
1275 1468 1340 1500 (lte
1358 1467 1544 1509 rzjgruara'a
1563 1468 1598 1500 lo
1615 1467 1741 1500 studio

175 1526 238 1560 del
265 1527 386 1560 Greco
411 1537 430 1560 e
456 1527 519 1560 del
543 1526 691 1560 Latino.

235 1596 283 1638 f)
307 1607 344 1636 3.
373 1597 470 1630 Sunt
496 1596 611 1630 etiam
637 1596 722 1636 alia,
750 1607 848 1639 quae
875 1597 1033 1631 modum
1052 1597 1274 1639 respiciunt,
1294 1607 1373 1639 quo
1399 1607 1499 1631 nova
1526 1596 1740 1630 studiorum

176 1655 285 1695 ratio,
313 1665 334 1687 a
360 1655 488 1688 Vasco
513 1655 724 1697 proposita,
753 1655 800 1688 ad
827 1656 971 1688 exitum
997 1660 1081 1689 tuto
1107 1655 1264 1698 perduci
1291 1660 1420 1698 queat.

248 1714 354 1746 Haec
389 1719 516 1747 tamen
555 1714 683 1747 omnia
721 1725 741 1747 a
769 1715 909 1756 Bayma
935 1719 1023 1747 sunt
1050 1715 1280 1757 conscripta,
1308 1724 1385 1748 non
1412 1724 1497 1754 suo,
1526 1713 1593 1747 sed
1620 1714 1735 1747 Vasci

176 1773 344 1806 nomine.

241 1834 288 1873 g)
314 1844 348 1873 71.
382 1831 582 1873 Ques-lione
607 1836 719 1874 sopra
746 1832 782 1864 la
800 1831 1014 1874 maggior&
1033 1843 1054 1864 0
1072 1831 1218 1865 minore
1236 1831 1483 1865 conveniensa
1501 1831 1738 1864 dell’andare

176 1889 370 1932 igw'ovani
394 1889 629 1931 (convittom')
655 1901 677 1923 (z
703 1901 788 1923 casa
815 1892 897 1923 loro
923 1891 987 1923 nel
1009 1892 1130 1933 tempo
1156 1890 1252 1923 delle
1276 1900 1437 1923 vacanze
1462 1889 1674 1923 autunnali.

246 1962 285 1997 lz)
308 1972 346 2003 5.
379 1960 459 1994 Pari
486 1960 603 1994 modo
629 1966 872 1994 asservantur
890 1960 1033 2002 aliquot
1053 1961 1216 2003 Baymae
1241 1960 1427 2003 epistolae
1452 1959 1500 1992 ad
1529 1959 1740 1993 Henricum

175 2019 343 2053 Vascum
369 2018 495 2059 datae,
523 2030 569 2053 ex
594 2019 734 2062 quibus
760 2019 867 2052 facile
886 2019 1121 2061 intelligitur,
1141 2029 1216 2061 qua
1234 2019 1391 2052 tandem
1418 2018 1466 2052 de
1491 2028 1619 2058 causa,
1639 2028 1740 2060 quae

174 2078 289 2112 ambo
315 2078 362 2111 ad
389 2078 636 2111 instauranda
653 2077 780 2111 studia
798 2078 927 2111 animo
952 2083 1207 2120 conceperant
1233 2082 1271 2111 et
1290 2077 1433 2120 scripto
1459 2076 1680 2116 retulerant,
1701 2075 1738 2109 in

175 2137 315 2170 nostris
341 2137 510 2179 collegiis
537 2136 719 2179 perficere
746 2136 967 2178 neutiquam
995 2141 1168 2179 potuere.

247 2202 274 2243 i)
304 2202 399 2235 Inibi
425 2207 576 2235 exstant
603 2201 697 2234 aliae
715 2201 914 2243 epistolae,
934 2201 1071 2235 doctae
1089 2200 1300 2234 admodum
1327 2205 1364 2233 et
1391 2199 1577 2241 eruditae,
1598 2199 1739 2242 quibus

178 2262 318 2304 Bayma
344 2261 426 2294 fuse
451 2266 623 2294 recenset
649 2266 686 2294 et
724 2271 957 2303 magnopere
995 2259 1165 2293 dilaudat
1204 2270 1302 2302 opus
1328 2270 1350 2292 a
1378 2260 1418 2292 Ρ.
1448 2259 1592 2292 Ioanne
1619 2258 1740 2292 Maria

175 2320 456 2354 Sanna-Solaro
482 2320 521 2353 S.
552 2320 580 2353 I.
610 2320 646 2353 in
682 2319 804 2353 Gallia
837 2319 1073 2362 evulgatum,
1108 2318 1213 2361 quod
1252 2318 1468 2352 inscribitur
1506 2318 1740 2351 Reclzercltes

175 2390 244 2412 secr
268 2379 320 2412 les
345 2389 473 2412 causes
497 2380 535 2412 et
559 2379 611 2412 les
629 2378 699 2411 lois
716 2378 780 2411 des
799 2379 1048 2411 mouvemenls
1066 2377 1110 2410 de
1127 2377 1454 2419 l’Almosplaeere...
1479 2375 1672 2410 Nonnulla
1690 2375 1739 2409 ad

176 2437 358 2471 trutinam
384 2437 665 2479 sapientissime
691 2441 857 2476 revocat,
877 2442 915 2470 et
932 2435 1116 2479 quaesitis
1134 2435 1357 2478 respondet,
1384 2435 1432 2468 ab
1458 2434 1597 2468 eodem
1625 2435 1735 2467 Patre

176 2496 396 2540 propositis.
426 2496 564 2539 Aliqua
591 2502 787 2538 praeterea
813 2496 850 2529 in
877 2495 1046 2529 medium
1074 2495 1217 2538 profert
1234 2499 1367 2529 contra
1396 2493 1614 2537 opiniones,
1641 2503 1739 2536 quas

178 2557 217 2589 P.
245 2555 418 2597 Angelus
444 2555 578 2588 Secchi
604 2555 653 2588 de
679 2555 793 2588 rebus
819 2554 1093 2597 philosophicis
1120 2553 1277 2587 serebat.

247 2621 275 2659 l)
305 2621 345 2653 In
373 2619 558 2662 Ephebeo
579 2618 859 2653 Brictinoriensi
890 2623 1133 2652 asservantur
1167 2617 1294 2660 plures
1329 2616 1577 2657 Comoediae,
1614 2615 1741 2649 italico

177 2689 355 2713 sermone
381 2689 402 2712 a
430 2679 570 2721 Bayma
595 2678 849 2720 conscriptae.

247 2753 300 2791 m)
329 2750 370 2782 In
389 2749 555 2782 maximo
569 2748 788 2782 ambulacro
805 2747 978 2781 eiusdem
992 2747 1154 2790 ephebei
1170 2747 1321 2780 tabulae
1335 2745 1615 2788 geographicae
1633 2754 1739 2786 prae-

176 2809 342 2852 grandes
372 2808 630 2848 inveniuntm,
660 2807 867 2850 parietibus
895 2807 1040 2847 affixae,
1057 2817 1077 2839 a
1106 2807 1246 2848 Bayma
1276 2805 1422 2839 calamo
1448 2804 1599 2844 ductae,
1628 2802 1681 2836 uti
1700 2802 1739 2836 in

177 2867 259 2901 eius
285 2867 411 2909 elogio
437 2867 511 2900 iam
538 2865 788 2899 narravimus.

1637 2951 1667 2975 ¹4
