1926 3200
864 265 914 268 —
954 253 1028 288 2:51
1069 265 1121 269 .—.

208 355 270 384 est
303 347 476 385 animus.
514 348 567 385 At
602 347 749 384 horum
784 346 965 384 consiliis
1000 360 1212 397 nunquam
1246 362 1366 385 aures
1409 348 1638 398 praebebo:
1672 348 1774 399 quin

209 417 337 455 inuno
371 431 447 467 pro
481 418 637 456 viribus
671 419 848 456 obstabo
878 434 909 455 ».
946 419 1053 456 Tum
1090 419 1274 457 Francus
1308 433 1478 458 securus
1512 419 1591 458 iam
1625 419 1701 466 sui,
1735 433 1775 458 a-

208 488 339 538 liquot
364 489 667 527 haereticorum
692 498 731 527 et
755 489 1030 539 perduellium
1053 489 1214 527 libellos
1239 490 1533 541 Magni—Ducis
1557 491 1611 529 ob
1629 491 1777 529 oculos

208 560 360 609 posuit,
396 574 445 597 ex
479 561 630 610 quibus
663 569 806 610 aperte
845 561 1050 611 planeque
1088 560 1360 611 perspiceret,
1401 561 1570 612 quinam
1604 562 1774 600 tandem

207 639 357 671 essent,
393 630 463 681 qui
497 631 548 669 de
582 630 816 681 principatu
849 631 1112 669 deturbando
1151 631 1399 681 cogitarent.
1441 632 1666 671 Enimvero
1710 633 1777 671 his

208 700 356 739 libellis
390 701 581 739 homines
614 701 900 740 huiuscemodi
935 702 986 739 de
1020 701 1112 752 ipso
1147 703 1442 751 Magno-Duce
1465 702 1561 741 talia
1594 702 1776 741 scribere

208 779 333 821 atque
366 771 584 822 invulgare
616 771 703 810 ausi
737 780 866 813 erant,
901 772 1071 822 perinde
1110 772 1227 823 quasi
1260 773 1311 811 de
1344 786 1395 811 eo
1427 781 1564 811 actum
1595 787 1686 811 esse
1719 773 1777 811 vi-

204 841 382 880 deretur.
411 842 502 880 Hac
534 856 577 880 re
602 851 831 892 perspecta.
859 842 1102 892 Leopoldus
1125 857 1169 881 se
1193 844 1355 882 Franco
1379 852 1546 894 gratum
1570 843 1776 890 exhibuit,

207 921 247 950 et
269 926 350 962 qua
384 912 642 951 humanitate
674 920 907 963 exceperat„
942 928 1036 951 euni
1070 913 1241 952 dimisit.

297 984 351 1021 At
385 983 495 1021 enim
529 983 597 1021 vix
630 984 803 1021 biduum
853 983 1153 1030 intercesserat,
1203 999 1331 1035 quum
1367 986 1541 1031 Franco,
1592 985 1647 1024 nil
1694 985 1776 1024 tale

207 1052 434 1102 suspicanti
474 1061 514 1091 et
547 1066 640 1091 cuin
675 1053 888 1091 sodalibus
920 1068 943 1091 a
976 1053 1170 1104 prandio,
1208 1054 1334 1092 animi
1382 1068 1520 1101 causa,
1564 1054 1777 1106 colloquia

209 1123 411 1165 miscenti,
462 1123 637 1162 nuncius
683 1123 861 1167 adstitit,
912 1124 982 1174 qui
1027 1138 1224 1175 supremo
1267 1126 1318 1163 ab
1363 1125 1533 1164 internis
1583 1125 1776 1164 Etruriae

208 1192 438 1231 rationibus
456 1193 702 1232 administro
720 1209 742 1232 a
761 1195 930 1233 secretis
948 1204 1047 1240 erat,
1067 1209 1259 1246 eumque,
1280 1196 1385 1235 intra
1409 1196 1558 1247 viginti
1577 1205 1776 1247 quattuor

208 1263 404 1301 horarum
438 1264 632 1314 spatium,
667 1279 689 1303 a
722 1264 892 1304 ditionis
936 1265 1086 1304 finibus
1129 1266 1340 1309 excedere,
1377 1267 1671 1318 Magni—Ducis
1704 1280 1776 1306 no-

208 1334 317 1372 mine
351 1334 480 1373 iussit.
516 1335 625 1373 Tum
670 1336 876 1381 Francus,
911 1336 1180 1375 vehementer
1222 1346 1470 1383 commotus,
1511 1347 1638 1388 atque
1670 1337 1774 1376 indi-

208 1414 373 1455 gnatus,
409 1406 523 1456 quod
557 1406 660 1444 fides
693 1406 833 1456 paullo
862 1415 956 1445 ante
990 1421 1012 1445 a
1047 1408 1342 1458 Magno-Duce
1366 1407 1443 1446 sibi
1466 1408 1574 1453 data,
1601 1408 1775 1459 iuraque

208 1476 348 1513 omnia
380 1489 495 1514 sacra
528 1485 568 1515 et
601 1476 749 1522 civilia,
795 1486 878 1515 tam
929 1477 1085 1515 nefario
1120 1477 1295 1528 imperio
1334 1479 1637 1525 obtererentur,
1673 1494 1695 1517 «
1725 1479 1776 1517 E-

208 1546 389 1596 quidem,
424 1546 576 1585 nuncio
610 1547 764 1598 inquit,
809 1548 946 1586 abibo.
991 1549 1147 1586 Verum
1192 1563 1348 1600 magno
1381 1549 1626 1588 administro
1670 1557 1774 1596 tute,

210 1631 303 1655 meo
336 1617 516 1662 nomine,
552 1618 715 1663 referto,
741 1632 807 1656 me
829 1627 974 1657 contra
1006 1633 1100 1657 eum
1134 1619 1186 1658 ad
1211 1619 1302 1666 Dei,
1335 1619 1515 1658 iustitiae
1547 1620 1777 1659 adsertoris

209 1701 255 1726 ac
289 1687 477 1731 vindicis,
523 1689 702 1727 tribunal
745 1689 998 1739 adpellatum
1044 1690 1101 1728 ire
1128 1704 1162 1729 ».
1199 1690 1384 1729 Subinde
1427 1690 1645 1741 epistolam
1679 1705 1775 1730 con-

207 1757 371 1808 scripsit
404 1758 802 1809 eloquentissimam,
831 1774 913 1810 qua
937 1759 1215 1799 innocentiam
1239 1775 1356 1799 suam
1380 1762 1501 1812 plane
1531 1761 1771 1801 vindicavit.

209 1830 346 1880 Quam
379 1830 597 1880 epistolam
623 1844 751 1881 quum
776 1830 933 1868 homini
957 1831 1121 1869 cuidam
1145 1831 1342 1878 dedisset,
1375 1832 1660 1883 Magno-Duci
1686 1832 1775 1870 red-

208 1901 389 1938 dendam
423 1916 443 1935 «
474 1901 489 1938 Ι
515 1901 654 1943 modo,
691 1901 836 1952 inquit,
871 1910 911 1940 et
946 1903 1244 1953 Magno-Duci,
1280 1917 1374 1941 meo
1408 1903 1588 1949 nomine,
1620 1904 1775 1942 referas

208 1972 371 2016 amabo,
407 1985 472 2009 me
506 1972 716 2022 extemplo
759 1972 968 2011 abiturum
1013 1972 1205 2023 quidem;
1239 1973 1275 2011 ei
1309 1987 1408 2012 vero
1440 1974 1686 2020 cavendum,
1722 1987 1774 2012 ne

209 2042 340 2080 serius
365 2042 479 2080 ocius
503 2042 606 2080 alius
630 2042 797 2092 quidam
823 2056 888 2081 me
911 2052 1109 2094 sequatur
1129 2058 1166 2083 ».
1192 2044 1333 2094 Quum
1353 2058 1600 2095 responsum
1621 2045 1775 2084 frustra

209 2112 528 2162 expectavisset,
555 2126 746 2151 moerens
769 2127 815 2151 ac
838 2114 984 2151 dolens
1004 2122 1065 2152 tot
1083 2127 1178 2164 spes
1197 2122 1420 2165 conceptas
1443 2124 1658 2154 momento
1682 2129 1776 2154 eva-

210 2197 391 2227 nescere,
427 2197 473 2221 ac
507 2183 628 2221 simul
661 2183 832 2234 gavisus
865 2184 980 2234 quod
1013 2184 1168 2235 dignus
1201 2185 1435 2231 haberetur,
1470 2186 1540 2236 qui
1575 2200 1651 2236 pro
1676 2187 1772 2225 Iesu

210 2253 378 2292 nomine
401 2262 558 2292 tantam
578 2255 707 2305 vulgo
725 2255 1017 2293 contumeliam
1038 2263 1261 2305 pateretur,
1282 2255 1457 2306 imperio
1478 2257 1625 2307 paruit.
1647 2258 1773 2296 Anno

209 2324 398 2375 proxime
433 2325 680 2375 insequenti,
717 2324 806 2376 ipse
841 2326 1139 2374 Magnus-Dux
1174 2327 1415 2377 Leopoldus
1451 2328 1501 2373 II,
1537 2328 1588 2365 ab
1622 2327 1771 2366 iisdem

209 2394 427 2433 haereticis
461 2408 507 2433 ac
540 2396 822 2445 perduellibus
845 2396 1153 2434 circumventus
1177 2410 1223 2434 ac
1246 2397 1450 2447 proditus,
1487 2411 1614 2448 quum
1639 2412 1773 2449 regno

209 2465 500 2510 abdicavisset,
535 2474 660 2516 atque
685 2466 724 2504 in
748 2480 798 2504 eo
821 2476 931 2504 esset
970 2476 1014 2505 ut
1038 2467 1204 2505 raedam
1234 2468 1546 2514 conscenderet,
1572 2482 1665 2519 qua,
1690 2482 1774 2507 non

209 2535 337 2573 modo
370 2536 421 2574 ab
456 2536 633 2582 Etruria,
668 2536 742 2575 sed
773 2536 824 2574 ab
849 2537 965 2575 Italia
988 2538 1081 2575 exul
1106 2546 1311 2588 perpetuo
1343 2538 1486 2584 abiret,
1522 2539 1623 2578 haec
1646 2540 1774 2579 verba

208 2605 442 2655 protulisse,
478 2605 577 2656 quin
619 2606 742 2645 etiam
776 2606 1055 2658 ingeminasse
1088 2607 1238 2646 fertur:
1276 2622 1297 2644 «
1324 2609 1439 2647 Haec
1472 2609 1612 2647 omnia
1649 2609 1774 2648 Pater

210 2676 394 2714 Francus
428 2675 528 2713 mihi
563 2677 935 2726 praenunciaverat
962 2692 995 2716 ›>.

298 2747 447 2785 Postea
471 2747 655 2785 Francus
679 2748 1004 2793 Massae-Ducis,
1029 2757 1068 2787 et
1094 2749 1254 2788 Bastiae
1279 2749 1318 2787 in
1337 2749 1507 2788 Corsica
1529 2750 1772 2801 aliquandiu

207 2817 406 2856 constitit.
443 2818 584 2868 Quum
619 2832 718 2856 vero
751 2832 860 2857 anno
894 2830 1147 2865 MDCCCle,
1183 2820 1237 2858 ob
1281 2828 1401 2859 notas
1439 2820 1581 2859 civiles
1615 2822 1769 2868 turbas,

207 2888 377 2939 antiqua
395 2887 613 2926 civitatum
633 2888 861 2927 italicarum
887 2889 1090 2939 regimina
1109 2891 1489 2940 pessumdarentur,
1510 2891 1587 2929 sibi
1606 2891 1769 2938 timens,
