1926 3200
804 232 1064 266 ——181—

243 334 376 372 Laudi
420 334 556 373 eidem
600 334 778 380 ducitur,
821 334 935 384 quod
979 348 1186 372 unacum
1220 334 1435 373 Salvatorc
1470 335 1710 384 Maguasco,

152 404 439 443 Genuensium
474 404 815 455 Archiepiscopo,
851 404 1039 455 plurimis
1071 405 1183 455 apud
1209 406 1345 443 Deum
1370 404 1470 443 fusis
1504 404 1708 455 precibus

149 482 192 514 et
225 475 371 514 litteris
420 476 529 514 ultro
577 475 766 526 citroque
809 475 929 521 datis,
965 475 1271 526 Christophoro
1310 475 1537 521 Bonavino,
1572 475 1709 526 liguri,

154 545 409 596 philosopho
457 545 713 591 clarissimo,
763 545 833 596 qui
882 545 1071 584 Ausonio
1121 546 1300 584 Franchi
1349 545 1617 597 praenomine
1671 554 1712 584 et

150 616 319 655 nomine
365 616 442 655 sibi
491 616 672 661 adscitis,
717 631 739 655 a
781 617 982 656 catholica
1029 617 1201 655 veritate
1255 617 1475 662 defecerat,
1526 616 1710 655 maximo

148 687 273 726 fuerit
316 687 597 733 incitamento,
642 701 725 738 quo
767 687 819 725 ad
861 687 1078 726 sanitatem
1122 687 1287 733 rediret,
1329 687 1368 725 in
1404 687 1612 726 Ecclesiae
1646 701 1709 726 ro-

149 772 295 797 manae
328 758 463 797 sinum
497 758 634 796 denuo
677 772 720 796 se
753 758 965 809 reciperet,
1000 766 1041 797 et
1074 759 1360 809 postmodum,
1396 773 1438 797 re
1471 758 1708 797 felicissime

146 829 346 874 confecta,
383 829 423 867 in
456 828 590 880 prisca
622 828 702 866 fide
735 828 968 867 firmissime
1000 829 1257 868 consisteret.
1294 830 1362 867 Ad
1396 837 1623 868 extremam
1648 843 1707 867 se-

99 919 104 924 ·
147 908 310 939 nectam
344 913 471 950 quum
494 898 742 944 devenisset,
770 900 1042 946 Bonavinum,
1067 900 1137 951 qui
1161 914 1255 939 eum
1290 901 1461 939 Genuae
1495 900 1535 938 in
1565 908 1707 939 nostra

145 971 274 1010 domo
322 970 439 1021 gravi
488 970 635 1008 morbo
682 970 1027 1017 decumbentem,
1072 986 1270 1022 peregre,
1317 971 1522 1010 invisendi
1556 971 1705 1021 gratia,

145 1048 409 1086 convenerat,
456 1040 753 1079 humanissime
786 1041 960 1092 excepit,
996 1050 1037 1080 et
1072 1056 1171 1093 prae
1205 1042 1362 1093 gaudio
1395 1041 1575 1081 lacrimis
1608 1050 1708 1080 tem-

142 1125 288 1162 perare
320 1125 403 1150 non
436 1111 585 1162 potuit.
631 1112 738 1150 Tum
771 1113 1008 1151 Bonavinus
1042 1113 1181 1152 animo
1219 1121 1468 1159 commotus,
1504 1127 1600 1151 suas
1634 1112 1708 1151 mi-

143 1196 270 1229 scere,
306 1183 421 1234 quod
454 1182 589 1221 virum
623 1183 789 1228 scilicet,
822 1198 946 1234 quem
970 1184 1098 1235 patris
1128 1185 1220 1223 loco
1247 1184 1429 1227 haberet,
1456 1184 1497 1222 in
1520 1192 1707 1223 extremo

143 1253 253 1292 vitae
296 1253 436 1292 limine
485 1253 758 1293 constitutum
811 1268 950 1293 coram
999 1264 1185 1294 cerneret
1218 1257 1296 1303 (2).
1354 1255 1527 1306 Itaque,
1577 1242 1707 1305 quum

146 1324 347 1375 gaudium
366 1324 504 1363 luctus
527 1324 770 1375 excepisset,
795 1333 920 1376 atque
943 1326 1044 1364 alter
1062 1326 1179 1365 alteri
1197 1326 1335 1364 flendo
1358 1326 1447 1364 vale
1466 1339 1707 1376 supremum

143 1394 328 1441 dixisset,
371 1395 502 1440 Cetta‚
550 1409 633 1434 non
676 1396 808 1435 multo
851 1404 946 1439 nost
989 1405 1189 1447 tempore,
1235 1396 1430 1436 extremis
1474 1396 1600 1435 sacris
1643 1410 1709 1435 ex-

145 1465 295 1515 piatus,
321 1465 502 1504 animam
541 1465 705 1512 efflavit,
740 1466 887 1506 aetatis
919 1481 1029 1506 anno
1052 1468 1366 1518 septuagesimo
1405 1466 1585 1518 septimo
1618 1481 1709 1505 nec-

144 1535 245 1573 dum
278 1536 456 1586 expleto.
