1926 3200
585 1003 973 1053 FRIDERICVS
1029 1000 1376 1050 TORNIELLl

215 1366 378 1473 HIC
427 1362 532 1401 inter
579 1362 743 1401 sodales
787 1360 1026 1412 provinciae
1070 1358 1352 1404 Taurinensis‚
1394 1357 1502 1396 Vitae
1536 1355 1768 1401 sanctitate,

364 1448 469 1473 unus
503 1432 680 1471 maxime
713 1431 930 1483 praestitit.
956 1432 1150 1482 Aequum
1175 1439 1237 1468 est
1261 1429 1399 1480 igitur,
1425 1426 1767 1479 quandoquidem

206 1506 353 1546 ceteris
385 1505 608 1544 virtutibus
642 1512 825 1555 praestat
859 1502 1020 1554 religio,
1056 1502 1219 1553 potiore
1252 1515 1345 1540 eum
1385 1500 1524 1551 elogio
1557 1498 1768 1550 prosequi.

207 1577 353 1617 Atavis
401 1575 639 1615 clarissimis
687 1584 930 1626 prognatus,
983 1574 1142 1613 Molare
1191 1573 1229 1611 in
1274 1572 1432 1623 oppido
1471 1569 1769 1610 Montisferrati

206 1649 333 1687 vitam
367 1647 469 1694 iniit,
504 1647 798 1698 pietatemque,
833 1660 907 1684 ceu
948 1645 1034 1684 iure
1073 1644 1336 1690 hereditario,
1379 1658 1402 1682 a
1444 1641 1670 1681 maioribus
1709 1655 1772 1679 ac-

207 1719 329 1770 cepit.
364 1718 530 1757 Etenim
565 1718 605 1756 in
639 1726 764 1768 gente
797 1716 1034 1762 Torniellia,
1061 1730 1166 1767 quae
1189 1730 1212 1754 a
1241 1714 1449 1754 Novariae
1481 1712 1670 1764 dynastis
1693 1711 1771 1751 ori—

209 1791 349 1842 ginem
383 1789 509 1835 ducit,
544 1788 621 1827 viri
655 1787 900 1827 sanctissimi
932 1788 1167 1838 complures
1199 1787 1440 1831 floruerunt,
1475 1798 1652 1836 quorum
1677 1792 1774 1822 octo

208 1874 380 1900 numero
412 1860 465 1898 ad
499 1860 722 1898 Beatorum
756 1858 960 1897 Caelitum
994 1859 1173 1896 honores
1207 1865 1303 1895 sunt
1336 1855 1480 1895 evecti.

298 1931 486 1970 Eximiae
520 1930 670 1969 indolis
703 1930 957 1975 adolescens,
993 1930 1045 1968 ad
1089 1928 1205 1967 cuius
1249 1927 1413 1979 generis
1452 1925 1769 1977 amplitudinem

209 2017 370 2042 summa
403 2001 663 2041 innocentiae
696 2002 783 2039 laus
817 2001 1049 2046 accedebat,
1086 1999 1275 2038 Genuam
1316 1998 1355 2036 in
1389 1997 1610 2048 collegium
1645 1996 1773 2035 Soda-

209 2074 309 2112 lium
343 2088 365 2112 a
398 2073 627 2113 Somascha
660 2080 722 2111 est
754 2071 917 2115 missus,
954 2071 1022 2109 ubi
1047 2080 1087 2109 et
1109 2070 1339 2109 litterarum
1368 2077 1614 2107 ornamento
1648 2067 1773 2105 hone-

209 2153 399 2183 staretur.
450 2143 691 2194 Disciplinis
744 2141 1046 2192 philosophicis
1100 2141 1139 2178 in
1194 2140 1375 2178 maximo
1423 2139 1608 2177 eiusdem
1658 2137 1772 2175 urbis

208 2215 410 2253 athenaeo
434 2222 615 2253 mentem
648 2212 827 2258 addidit3
854 2212 994 2263 ibique
1027 2210 1356 2262 condiscipulum
1391 2218 1453 2248 est
1486 2218 1629 2247 nactus
1665 2209 1775 2246 Iose-

211 2285 340 2336 phum
390 2284 652 2330 Mazzinium,
703 2284 773 2334 qui
822 2292 909 2322 tum
959 2282 1159 2333 temporis
1192 2282 1435 2320 adolescens
1469 2279 1652 2330 optimae
1685 2278 1773 2329 spei

210 2356 416 2402 exstabat;
450 2364 491 2394 at
524 2355 721 2406 deinceps
744 2363 962 2405 tantopere
987 2352 1211 2404 impietatis
1234 2351 1402 2391 nomine
1432 2350 1623 2396 innotuit,
1650 2364 1775 2401 quan-

213 2436 357 2477 topere
399 2426 651 2465 Torniellius
695 2425 859 2476 pietatis
902 2424 1009 2462 fama
1052 2423 1210 2462 claruit.
1257 2423 1372 2461 Idem
1417 2421 1657 2464 Mazzinffls,
1693 2420 1773 2458 iam

210 2506 371 2535 matura
388 2505 533 2542 aetate,
556 2495 766 2534 Massiliae
784 2509 912 2546 quum
939 2503 1060 2539 esset,
1087 2494 1297 2544 exemplar
1321 2492 1649 2543 ephemeridum,
1671 2505 1774 2542 quas

212 2567 470 2618 evulgandas
493 2575 744 2617 susceperat,
766 2580 954 2617 quasque
974 2564 1238 2615 inscripserat
1270 2578 1292 2601 «
1310 2565 1376 2602 La
1406 2564 1579 2602 Giovine
1597 2562 1719 2600 ltalia
1736 2576 1773 2607 ›>‚

212 2639 264 2677 ad
286 2637 570 2684 Torniellium,
596 2637 666 2689 qui
692 2637 827 2676 Calari
851 2637 1043 2687 degebat,
1070 2636 1319 2675 mittendum
1344 2634 1514 2674 curavit.
1542 2634 1671 2672 Porro
1695 2633 1773 2677 hic,

213 2721 296 2758 quo
329 2721 393 2746 res
426 2708 581 2746 valeret
625 2708 836 2749 odoratus.
882 2715 923 2745 et
960 2706 1143 2745 hominis
1186 2705 1399 2744 audaciam
1434 2704 1778 2756 impietatemque

212 2787 459 2824 exsecratus,
495 2778 649 2816 nefaria
693 2778 845 2828 scripta
878 2791 900 2816 e
933 2777 1114 2827 vestigio
1150 2777 1236 2827 igni
1270 2776 1553 2815 comburenda
1586 2774 1774 2826 proiecit.

305 2849 524 2886 Humanae
572 2848 863 2899 philosophiae
911 2847 1073 2898 placitis
1121 2847 1286 2891 auditis,
1336 2846 1502 2885 divinae
1541 2844 1779 2896 Sapientiae
