1926 3200
808 191 1071 227 —139—

157 288 246 326 Hac
279 287 329 325 dc
362 301 486 325 causa
522 286 710 331 pelliciis,
736 293 975 324 nostrorum
1002 283 1243 322 Praesidum
1269 283 1395 328 iussu,
1422 290 1465 321 ut
1489 295 1570 320 non
1596 281 1722 320 modo

154 358 330 400 veritati.
366 358 439 396 scd
472 357 594 396 ctiam
634 370 803 395 suorum
844 354 1037 406 dignitati
1071 368 1116 393 ac
1150 354 1270 392 saluti
1311 353 1579 404 prospiceret,
1615 365 1722 402 opus

151 429 351 468 adversus
385 442 479 467 eum
513 427 772 478 conscripsit,
808 436 848 465 et
881 425 1166 474 evulgandum
1201 423 1372 463 curavit.

242 500 508 550 Quamquam
543 499 622 536 hoc
656 498 792 536 fucato
842 497 1007 535 rhetore
1046 505 1087 534 et
1130 495 1256 546 pallio
1299 504 1421 533 tenus
1464 494 1721 545 philosopho

151 586 174 609 a
216 570 548 621 condiscipulatu
583 568 898 607 familiarissime
942 581 1041 605 usus
1084 576 1182 611 erat,
1230 574 1375 616 utpote
1424 565 1495 616 qui
1544 566 1717 616 lupum,

152 642 242 680 ovis
276 642 382 692 pelle
416 641 622 683 indutum,
657 640 708 678 ab
741 638 1020 678 adolescentia
1049 638 1247 687 detegere
1282 650 1364 675 non
1398 636 1617 687 potuisset,
1653 637 1721 674 de-

151 721 306 752 tectum
340 721 492 753 tamen.
528 710 734 749 sanctiora
768 709 965 751 veritatis,
1001 722 1126 759 quam
1150 707 1353 746 amicitiae
1384 707 1472 745 iura
1506 716 1716 758 reputans,

151 782 369 833 multiplici
402 789 748 831 argumentorum
782 779 967 830 pondere
1001 778 1189 817 salsitatis
1232 777 1382 828 arguit,
1417 786 1543 827 atque
1576 777 1628 815 ad
1662 776 1719 814 in-

151 854 254 892 citas
302 852 476 903 redegit.
529 852 574 889 Id
622 860 760 889 autem
810 850 1016 900 praestitit
1059 858 1173 888 tanta
1205 849 1429 888 verborum
1462 848 1644 894 lenitate,
1679 856 1720 886 et

151 923 277 961 animi
312 921 611 967 benevolentia,
648 929 691 958 ut
725 920 966 958 Giobertius
1001 919 1101 970 ipse,
1137 918 1300 958 tametsi
1335 932 1428 957 cum
1464 919 1616 957 Carolo
1650 918 1720 956 Al-

154 995 284 1037 berto,
311 992 637 1043 Subalpinorum
662 1005 774 1041 rege,
800 991 870 1041 qui
896 990 1035 1029 Pellici
1058 990 1208 1028 librum
1233 989 1336 1039 regii
1360 989 1505 1027 aerarii
1531 989 1719 1039 impensa

150 1065 215 1103 edi
249 1063 542 1115 praecepisset,
578 1076 752 1113 magnas
796 1061 1031 1100 inimicitias
1075 1069 1325 1111 susceperat,
1362 1069 1499 1099 tamen
1533 1059 1716 1098 hominis

152 1134 399 1184 sapientiam
432 1147 525 1171 cum
559 1132 782 1171 christiana
815 1131 984 1170 caritate
1028 1131 1291 1169 coniunctam
1341 1131 1610 1168 vehementer
1653 1129 1721 1168 ad-

154 1205 337 1248 miratus,
373 1218 467 1243 eum
501 1204 637 1255 palam
671 1203 864 1241 omnibus
887 1202 1121 1241 collaudare
1151 1215 1234 1240 non
1267 1201 1533 1240 dubitaverit.
1559 1201 1719 1251 Stupor

151 1277 260 1315 enim
295 1275 532 1315 iracundiae
565 1276 702 1314 locum
726 1276 847 1325 plane
871 1282 1160 1324 occupaverat.
1187 1273 1327 1311 Pellici
1361 1286 1488 1323 opere
1517 1273 1714 1323 perlecto,

149 1348 238 1396 viri,
273 1347 344 1398 qui
378 1361 461 1386 non
495 1347 632 1385 minus
671 1346 886 1397 religione,
923 1359 1047 1396 quam
1081 1345 1271 1383 doctrina
1309 1345 1589 1395 praestabant,
1626 1344 1718 1394 plu-

149 1419 252 1457 rima
270 1418 424 1457 laetitia
446 1426 542 1456 sunt
564 1416 711 1461 affecti,
736 1425 776 1455 et
800 1416 963 1467 magnis
983 1415 1227 1466 scriptorem
1247 1415 1438 1453 laudibus
1461 1415 1713 1453 extulerunt.

152 1491 243 1528 Hos
277 1489 383 1528 inter
415 1489 666 1539 com-pellare
698 1488 796 1526 libet
821 1488 1079 1527 Clementem
1104 1487 1296 1526 Solarum
1331 1486 1540 1525 Comitem
1576 1486 1713 1524 Della-

152 1559 421 1611 Margherita,
456 1559 574 1610 regni
609 1558 826 1609 Sub-alpini
859 1573 882 1596 a
915 1558 1145 1597 rationibus
1188 1557 1369 1596 externis
1407 1557 1713 1603 administrum,

150 1631 220 1682 qui
260 1631 311 1668 ad
354 1631 397 1668 Ρ.
438 1629 670 1668 Antonium
706 1629 999 1671 Brescianium,
1035 1628 1275 1679 provinciae
1318 1627 1569 1667 taurinensis
1603 1641 1720 1678 prae-

152 1702 349 1752 positum,
385 1701 491 1739 datis
524 1700 684 1745 litteris,
720 1714 884 1739 summo
920 1699 1118 1738 Pellicum
1141 1699 1281 1750 elogio
1314 1698 1611 1738 condecoravit
1635 1700 1712 1748 (3).

151 1773 233 1824 Qui
257 1786 357 1811 vero
382 1772 549 1810 inimico
568 1771 707 1810 animo
727 1771 766 1809 in
786 1781 970 1810 nostram
990 1771 1242 1810 Societatem
1261 1771 1490 1817 exstabant,
1512 1770 1567 1808 nil
1586 1769 1716 1808 inten-

152 1852 285 1883 tatum
310 1843 579 1894 reliquerunt,
604 1851 649 1881 ut
674 1841 813 1880 Pellici
832 1842 981 1880 famam
1006 1842 1255 1880 obtererent.
1278 1842 1441 1879 Horum
1466 1840 1717 1891 praecipuus

153 1915 230 1953 fuit
263 1914 497 1965 Iophredus
531 1913 700 1955 Casalis,
736 1913 788 1951 de
821 1926 905 1964 quo
929 1912 969 1950 in
992 1912 1132 1963 elogio
1156 1912 1324 1951 Ioannis
1346 1911 1520 1950 Antonii
1555 1911 1715 1951 Grassii

155 1986 281 2024 verba
314 1985 498 2024 fecimus.
522 1984 602 2023 Hic
621 1984 760 2035 itaque
784 1984 933 2022 librum
958 1984 1100 2034 iniquo
1119 1983 1258 2022 animo
1283 1983 1567 2034 conscriptum
1591 1991 1632 2022 et
1655 1996 1717 2021 ca-

151 2056 319 2094 lumniis
344 2056 541 2094 refertum
565 2069 654 2094 esse
677 2054 913 2097 affirmavit:
939 2055 993 2092 ob
1026 2068 1202 2104 eamque
1226 2067 1392 2092 causam
1426 2054 1593 2099 malum,
1614 2053 1715 2104 quin

146 2127 271 2165 etiam
305 2126 533 2177 pessimum
568 2125 907 2176 nuncupandum3
944 2125 1142 2163 Pellicum
1176 2132 1315 2162 autem
1350 2123 1487 2175 ipsum
1521 2124 1708 2162 omnium

147 2197 353 2242 fraudum,
374 2197 526 2248 quibus
544 2196 763 2235 moliendis
789 2195 966 2234 Iesuitae
990 2195 1169 2234 maxime
1188 2195 1269 2234 sint
1293 2194 1443 2241 idonei,
1465 2194 1714 2245 magistrum

148 2281 239 2306 esse
272 2268 523 2306 habendum.
560 2267 829 2318 Quapropter
862 2266 1058 2311 futurum,
1094 2275 1138 2304 ut
1172 2265 1282 2304 idem
1316 2265 1447 2304 serius
1480 2265 1596 2304 ocius
1629 2265 1710 2304 hoc

150 2338 318 2377 nomine
353 2338 619 2389 Praepositus
664 2337 878 2376 Generalis
917 2336 1136 2375 Societatis
1172 2337 1263 2374 Iesu
1298 2336 1610 2375 renunciaretur
1633 2338 1711 2387 (4).

239 2410 383 2460 Itaque
418 2408 607 2454 Pellicus,
659 2422 787 2458 quum
836 2407 886 2445 de
936 2407 1137 2458 religione
1171 2416 1211 2446 et
1243 2407 1294 2445 de
1328 2415 1469 2445 nostra
1503 2406 1713 2446 Societate

152 2479 257 2518 adeo
291 2479 463 2518 meritus
486 2488 606 2524 esset,
634 2488 678 2517 ut
701 2478 799 2516 boni
823 2491 968 2516 omnes
993 2478 1145 2516 nostris
1169 2477 1358 2528 partibus
1390 2478 1588 2524 faverent,
1615 2477 1714 2516 mali

147 2564 247 2589 vero
280 2559 437 2589 starent
469 2564 520 2588 ex
552 2550 742 2593 adverso,
762 2548 813 2586 ad
837 2548 1080 2586 sollemnem
1103 2557 1302 2599 quattuor
1334 2558 1529 2587 votorum
1555 2548 1712 2599 profes-

148 2620 307 2659 sionem
326 2620 484 2659 dudum
503 2629 734 2671 promotus.
757 2619 1037 2657 Brescianium
1063 2619 1212 2669 ipsum,
1237 2633 1347 2658 anno
1367 2631 1651 2665 MDCCCXLVI,
1673 2619 1712 2657 in

146 2691 360 2742 provincia
382 2691 607 2730 taurinensi
631 2689 967 2731 administranda,
993 2689 1182 2740 excipere
1205 2698 1267 2728 est
1286 2690 1436 2729 iussus.
1455 2691 1512 2729 At
1536 2704 1619 2728 non
1642 2690 1712 2728 diu

148 2761 334 2811 regimen
367 2761 633 2812 tranquillum
658 2761 812 2798 habuit.
840 2761 946 2798 Nam
971 2760 1041 2811 qui
1065 2760 1309 2811 religionem
1343 2761 1588 2799 catholicam
1613 2760 1712 2799 odio

148 2833 521 2883 prosequebantur,
558 2832 582 2869 ii
617 2831 867 2870 Societatem
902 2839 1085 2869 nostram
1120 2831 1207 2870 neci
1242 2830 1499 2873 addixerant,
1547 2831 1714 2882 iamque
