1926 3200
874 221 1102 260 -75-

207 329 342 355 rerum
376 315 550 367 potenti,
600 316 669 367 qui
718 315 857 355 omnia
889 329 911 354 e
944 315 1073 354 nihilo
1121 315 1346 361 eduxisset,
1390 315 1546 366 gratias
1578 323 1766 366 agerent.

205 388 313 426 Tum
346 401 458 434 vero,
483 401 533 426 eo
556 401 631 426 nec
654 387 864 439 opinante,
896 386 1206 426 innumerabilis
1230 387 1427 434 virorum,
1463 387 1694 433 mulierum,
1719 401 1767 426 ac

204 471 429 509 puerorum
463 458 698 504 multitudo,
734 457 918 508 undique
951 471 972 496 e
1006 465 1138 496 terrae
1162 457 1330 496 latebris
1363 458 1512 497 exoriri
1546 457 1696 508 coepit,
1722 466 1767 496 ut

203 528 235 567 si
283 529 404 567 tellus
453 542 526 567 sua
572 536 722 579 sponte
770 528 960 566 homines
1008 536 1183 578 pareret.
1239 528 1471 579 Obstupuit
1523 528 1615 567 visu
1663 529 1765 566 Tor-

203 598 376 645 niellius,
411 599 469 638 rei
512 599 697 638 novitate
741 599 972 649 perculsus;
1008 607 1047 638 et
1090 598 1168 637 illis
1202 599 1301 650 ipsis
1350 599 1524 650 propius
1571 599 1766 638 acceden-

203 669 324 716 tibus,
359 670 412 708 de
444 669 585 708 divina
617 669 802 708 bonitate
850 677 890 708 et
937 669 1156 708 clementia
1202 670 1434 708 orationem
1468 669 1612 708 habuit
1644 670 1767 708 vehe-

203 740 514 780 mentissimam.
551 741 655 792 Qua,
691 754 774 779 non
808 740 895 779 sine
943 754 1098 791 magno
1145 754 1289 779 eorum
1333 741 1480 787 fructu,
1521 741 1573 779 ad
1606 740 1762 779 exitum

201 812 411 862 perducta,
447 811 583 851 cuncti
617 812 657 850 in
690 820 822 850 terrae
856 811 1037 858 latibula,
1082 811 1397 862 cuniculosque‚
1444 812 1483 850 in
1521 812 1671 862 quibus
1710 811 1764 850 fe—

201 896 337 921 rarum
370 896 485 921 more
519 882 659 928 abditi,
685 882 868 933 quietem
892 895 1038 932 capere
1061 891 1345 928 consuessent,
1378 882 1460 921 ictu
1484 882 1591 921 oculi
1624 882 1763 920 denuo

200 966 243 991 se
277 960 533 1003 receperunt.

290 1023 367 1061 His
401 1023 523 1061 rebus
571 1030 632 1061 est
680 1021 885 1068 effectum,
937 1032 981 1061 ut
1024 1022 1275 1061 Torniellius
1308 1023 1563 1073 singularem
1597 1022 1764 1061 virtutis

198 1093 439 1144 opinionem
462 1093 574 1144 apud
598 1107 742 1132 omnes
765 1093 842 1131 sibi
867 1102 1041 1144 pareret,
1073 1102 1198 1144 atque
1222 1107 1293 1132 ore
1316 1093 1512 1132 concordi
1546 1093 1762 1132 Sardiniae

197 1165 427 1215 Apostolus
446 1172 677 1203 vocaretur.
699 1164 835 1215 Quam
855 1165 908 1202 ob
936 1178 1101 1202 causam
1126 1164 1300 1203 Carolus
1324 1165 1522 1203 Albertus
1546 1164 1761 1203 Sardiniae

198 1249 280 1281 rex,
315 1249 443 1286 quum
477 1236 528 1274 ab
561 1235 748 1274 Antonio
783 1235 1033 1281 Brescianio,
1074 1235 1144 1286 qui
1182 1249 1231 1274 ea
1268 1244 1516 1286 tempestate
1549 1235 1761 1274 sodalibus

196 1306 434 1357 provinciae
467 1305 715 1345 taurinensis
748 1314 948 1356 praeerat,
983 1305 1072 1344 eius
1105 1320 1169 1344 res
1192 1314 1332 1357 gestas
1356 1306 1608 1345 rescivisset:
1647 1324 1668 1343 «
1689 1306 1760 1345 Sa—

196 1376 277 1415 tius
310 1385 383 1420 est,
416 1376 561 1427 inquit,
596 1377 648 1415 ad
682 1376 915 1415 Sardiniam
950 1376 990 1414 in
1024 1376 1159 1415 officio
1193 1377 1500 1423 continendam,
1536 1377 1758 1416 duodecim

197 1461 278 1486 non
326 1447 548 1486 dissimiles
581 1447 810 1486 Torniellio
857 1447 1048 1486 homines
1096 1447 1190 1486 illuc
1237 1448 1413 1493 mittere,
1455 1462 1580 1498 quam
1613 1448 1759 1486 decem

196 1518 466 1569 probatorum
499 1518 677 1557 militum
710 1518 897 1569 legiones
924 1532 975 1557 ».

286 1589 353 1627 Bis
386 1589 495 1627 senis
528 1588 646 1627 annis
679 1588 841 1639 elapsis,
892 1588 1042 1640 quibus
1085 1589 1337 1628 Torniellius
1386 1589 1425 1627 in
1475 1590 1665 1629 Sardinia
1707 1589 1760 1627 ad

195 1659 391 1710 pietatem
425 1659 651 1698 excolenda
683 1668 745 1698 tot
778 1660 939 1698 labores
982 1661 1276 1707 exantlaverat,
1317 1675 1449 1712 paene
1482 1662 1668 1701 defectus
1701 1662 1757 1700 vi-

194 1730 319 1775 ribus,
356 1729 396 1767 in
431 1729 693 1768 continentes
726 1738 856 1768 terras
889 1744 911 1768 a
944 1731 1028 1769 suis
1062 1731 1394 1770 moderatoribus
1428 1740 1490 1771 est
1523 1741 1754 1779 revocatus,

193 1809 236 1840 ut
270 1801 485 1851 pristinam
519 1800 798 1839 valetudinem
832 1810 1106 1852 recuperaret.
1138 1803 1234 1853 Quo
1268 1816 1361 1841 cum
1395 1803 1590 1850 venisset,
1626 1803 1759 1842 nihilo

192 1880 330 1911 tamen
364 1873 497 1911 secius
521 1887 543 1911 a
566 1873 707 1911 labore
731 1886 814 1911 non
837 1873 1009 1912 destitit.
1035 1873 1194 1911 Molare
1218 1873 1258 1911 in
1281 1873 1415 1924 patria
1448 1887 1533 1919 sua,
1570 1875 1754 1921 Genuae,

192 1943 345 1990 Cheru,
380 1958 426 1982 ac
460 1944 703 1994 praesertim
739 1944 855 1987 Iriae,
892 1944 932 1982 in
965 1944 1195 1982 animarum
1232 1945 1406 1983 salutem
1441 1945 1664 1995 plurimum
1699 1946 1758 1984 in-

191 2015 368 2053 sudavit.
405 2016 569 2053 Novam
603 2015 678 2053 hac
712 2014 752 2053 in
787 2015 899 2061 urbe,
940 2024 1065 2066 atque
1107 2015 1432 2054 efficacissimam
1466 2016 1668 2055 rationem
1702 2018 1754 2056 ad

191 2086 424 2125 animorum
448 2095 586 2125 motus
611 2086 792 2129 ciendos.
819 2087 870 2124 ab
893 2100 942 2125 eo
967 2101 1040 2137 per
1059 2087 1100 2125 id
1118 2095 1284 2137 tempus
1308 2096 1549 2138 usurpatam
1574 2089 1754 2127 invenio.

193 2156 298 2195 Cum
332 2170 567 2195 sermonem
600 2157 652 2195 de
685 2170 882 2208 supremo
916 2157 1132 2195 hominum
1171 2157 1322 2196 iudicio
1365 2158 1417 2196 ad
1450 2159 1652 2209 populum
1687 2159 1756 2197 ha-

192 2227 328 2273 beret,
364 2227 584 2266 duodecim
618 2228 854 2266 sacerdotes
902 2227 1251 2278 spectatissimos,
1301 2229 1425 2267 sacris
1469 2229 1654 2268 vestibus
1697 2230 1754 2268 in—

190 2298 328 2345 dutos,
349 2306 598 2349 suggestum
616 2298 896 2337 conscendere
915 2298 1043 2344 iussit,
1064 2311 1220 2349 eosque
1239 2299 1493 2338 multitudini
1512 2300 1750 2339 ostendens:

193 2382 216 2405 «
241 2368 297 2406 Hi
331 2368 511 2419 quidem,
548 2368 693 2420 inquit,
728 2369 1031 2419 Apostolorum
1065 2369 1175 2407 vices
1208 2378 1371 2420 gerunt,
1408 2370 1478 2421 qui
1512 2370 1753 2410 iudicabunt

189 2438 411 2477 duodecim
445 2439 576 2478 tribus
612 2439 750 2478 Israel.
787 2440 932 2490 Itaque
965 2439 1090 2478 vestri
1125 2439 1279 2478 iudices
1312 2441 1533 2480 exstabunt
1559 2456 1614 2481 >).

278 2509 521 2548 Triennium
545 2510 585 2548 in
609 2510 836 2549 continenti
859 2519 1154 2557 commoratus,
1181 2511 1221 2549 in
1254 2511 1501 2558 Sardiniam,
1537 2527 1661 2563 quam
1690 2527 1753 2551 ca-

191 2579 341 2618 riorem
365 2580 494 2619 oculis
518 2580 708 2626 habebat,
733 2594 776 2619 se
800 2581 995 2626 restituit;
1022 2581 1160 2632 ibique
1182 2581 1322 2632 priora
1344 2583 1524 2621 caritatis
1557 2583 1751 2634 prodigia

190 2649 445 2689 instauravit.
458 2651 552 2689 Hoc
564 2659 702 2689 tamen
716 2665 798 2689 non
814 2651 1042 2702 impedivit,
1055 2651 1291 2702 quominus,
1303 2666 1411 2692 anno
1426 2665 1747 2701 MDCCCXLVIII,

189 2719 403 2758 hominum
438 2721 695 2771 perditorum
729 2736 867 2773 opera,
893 2736 915 2760 a
938 2723 1128 2761 Sardinia
1157 2723 1257 2774 ipsa,
1284 2738 1364 2762 una
1387 2739 1480 2763 curn
1514 2725 1598 2764 suis
1631 2727 1750 2765 soda-

188 2789 306 2837 libus,
349 2791 469 2830 bonis
512 2792 705 2831 omnibus
749 2792 1116 2843 ingemiscentibus
1159 2807 1205 2832 ac
1237 2794 1387 2833 frustra
1427 2796 1746 2843 reluctantibus,

188 2862 474 2911 expelleretur.
511 2863 594 2913 Qui
627 2863 894 2902 factiosorum
921 2865 1083 2903 turbam
1107 2864 1317 2911 effrenam,
1353 2880 1479 2905 coeco
1513 2867 1649 2906 furore
1682 2869 1750 2906 ab—
