1926 3200
817 262 1016 296 *9—

141 356 322 407 recepit,
384 356 589 405 simulque
648 363 693 393 ut
746 354 784 391 in
845 363 1029 392 nostram
1089 353 1338 391 Societatem
1398 353 1703 392 adscriberetur

140 427 259 465 enixe
293 426 615 477 postulavitffl).
651 425 747 474 Quo
781 423 954 475 egregio
988 423 1168 461 facinore
1193 437 1315 461 nemo
1349 437 1454 462 unus
1489 423 1575 467 fuit,
1602 423 1701 474 quin

141 510 396 547 magnopere
430 504 776 534 commoveretur.
811 494 899 532 Viri
938 494 1061 533 etiam
1095 493 1302 536 exstitere,
1339 494 1528 532 maximis
1563 508 1702 532 11111116-

142 567 267 611 ribus,
303 576 428 618 atque
462 566 689 605 honoribus
723 565 834 603 (101111
870 564 1053 615 forisque
1087 564 1303 615 perfuncti,
1339 565 1407 615 qui
1442 573 1580 603 tantae
1614 564 1702 602 reli-

141 638 278 689 gionis
297 638 489 688 exemplo
507 636 698 687 permoti,
720 636 876 674 mundo
896 635 1091 673 nuncium
1111 635 1320 674 remittere
1340 649 1421 674 non
1445 636 1700 674 dubitarunt.

234 710 326 747 Hoc
373 709 477 751 1060,
527 707 722 758 quoniam
758 721 821 745 res
856 715 1009 747 monet,
1060 706 1208 745 tacitus
1256 706 1480 757 praeterire
1525 720 1700 757 nequeo.

142 780 377 830 complures
411 792 587 829 magnae
620 777 895 827 cognationis,
931 777 1081 815 summi
1112 777 1280 828 ingenii,
1316 787 1355 816 et
1390 778 1588 828 probatae
1622 777 1703 828 pie-

143 850 238 889 tatis
261 850 557 894 adolescentes,
586 848 715 887 titulis
739 848 954 898 ablegatis,
980 848 1214 899 opibusque
1239 848 1500 898 posthabitis,
1527 849 1701 891 Romae,

144 921 290 959 eadem
325 921 364 958 in
397 920 536 962 domo,
572 933 645 970 per
678 919 718 957 id
753 928 931 969 tempus,
956 927 1026 957 aut
1054 919 1178 969 paulo
1206 927 1312 968 post,
1350 928 1531 958 nostram
1568 919 1704 957 Socie-

143 1000 270 1030 tatem
303 991 517 1041 amplexos
550 1004 658 1035 esse3
694 990 770 1033 vel,
806 989 951 1027 eadem
985 989 1065 1027 iam
1104 989 1215 1032 inita,
1260 989 1362 1028 tanti
1396 989 1703 1028 contubernalis

144 1061 367 1100 virtutibus
401 1061 454 1099 ob
487 1060 630 1099 oculos
664 1060 823 1110 positis,
848 1073 891 1098 se
922 1059 961 1097 in
996 1059 1189 1110 religiosa
1212 1059 1278 1097 via
1301 1060 1471 1098 terenda
1506 1060 1639 1110 magis
1664 1059 1703 1098 in

144 1131 232 1170 dies
266 1130 499 1170 confirmari
533 1130 724 1169 sensisse.
761 1131 852 1169 Hos
900 1130 1006 1169 inter
1047 1130 1297 1180 compellare
1335 1130 1429 1169 licet
1468 1130 1701 1173 Altierium,

145 1202 374 1247 Patritium‚
427 1201 757 1243 Pallavicinium,
808 1200 1031 1243 Caraffam,
1083 1200 1402 1243 Carminatium,
1455 1201 1701 1243 Marchium,

146 1273 372 1317 Maneram,
411 1272 651 1317 Perronum,
687 1280 727 1310 et
760 1271 1039 1322 Taparellium
1064 1271 1115 1309 ab
1138 1271 1295 1312 Azelio,
1326 1271 1396 1322 qui
1431 1272 1701 1322 postmodum

143 1351 309 1381 nostrae
343 1342 540 1381 Societati
574 1356 728 1393 magno
761 1341 900 1380 decori
934 1341 1118 1380 extitere.

236 1414 364 1452 Porro
399 1413 573 1452 Carolus
608 1413 854 1451 Emmanuel
887 1413 926 1450 in
961 1412 1199 1463 religiosam
1233 1412 1377 1451 cellam
1411 1413 1593 1455 secessit,
1622 1426 1704 1451 non

143 1493 189 1523 ut
221 1485 399 1523 honesto
432 1484 519 1522 otio
553 1484 800 1534 indulgeret,
836 1484 909 1522 sed
934 1497 1018 1534 0110
1041 1483 1193 1522 arctius
1217 1497 1260 1521 se
1286 1484 1377 1522 Deo
1408 1483 1705 1534 obstringeret.

146 1555 291 1605 Itaque
324 1554 547 1605 plurimum
582 1554 758 1593 orationi
792 1554 976 1596 vacabat,
1012 1563 1052 1593 et
1090 1568 1166 1605 pro
1200 1554 1451 1599 valetudine,
1490 1568 1571 1605 qua
1604 1554 1707 1592 frue-

144 1626 265 1664 batur
298 1624 553 1671 tenuissima,
588 1625 879 1663 communibus
907 1624 1072 1675 pietatis
1095 1624 1461 1663 exercitationibus
1498 1638 1579 1662 una
1612 1638 1706 1663 611111

145 1696 297 1734 nostris
346 1695 550 1734 tironibus
599 1696 804 1734 intererat.
857 1696 1098 1734 Honorifice
1146 1696 1197 1734 ab
1245 1696 1308 1734 his
1346 1695 1545 1746 appellari
1581 1709 1707 1746 aegre

144 1766 371 1804 admodum
406 1766 580 1811 ferebat;
615 1780 742 1816 seque
775 1766 922 1804 eodem
962 1767 1070 1805 vitae
1104 1766 1293 1805 instituto
1327 1775 1525 1812 utentem,
1562 1780 1705 1805 eorum

143 1837 310 1875 fratrem
344 1851 434 1875 esse
470 1838 776 1881 obtestabatur3
812 1837 988 1887 proinde
1036 1837 1172 1876 fratris
1215 1838 1409 1883 nomine,
1455 1851 1538 1888 quo
1581 1837 1705 1876 ceteri

142 1908 469 1958 appellarentur,
522 1907 669 1946 merito
718 1909 1057 1958 nuncupandum.
1105 1908 1263 1947 Crebro
1311 1922 1402 1947 cum
1448 1907 1508 1953 iis,
1556 1908 1619 1946 vel
1639 1908 1706 1946 ‘de

144 1978 288 2016 mundi
322 1978 491 2021 fallacia,
541 1979 605 2016 vel
647 1979 698 2016 de
733 1978 916 2016 inanium
966 1979 1134 2017 laudum
1183 1988 1439 2029 contemptu,
1490 1992 1706 2017 sermones

144 2048 356 2093 miscebat,
393 2058 538 2100 utpote
573 2050 643 2100 qui
691 2050 820 2100 longo
864 2063 939 2087 11511
974 2063 1059 2088 rem
1094 2050 1214 2100 plane
1262 2058 1534 2100 compertam,
1580 2059 1706 2100 atque

143 2120 401 2170 exploratam
436 2120 607 2158 haberet
631 2126 708 2168 (9).

235 2191 344 2229 Hinc
377 2191 512 2237 fiebat,
547 2200 592 2230 ut
615 2191 758 2230 Nostri
792 2192 931 2230 omnia
961 2191 1071 2242 regis
1094 2192 1221 2229 verba
1249 2191 1417 2230 intentis
1450 2191 1619 2229 auribus
1642 2205 1707 2229 ex-

143 2262 347 2312 ciperent;
382 2276 506 2313 quem
539 2262 706 2301 fratrem
731 2263 1008 2313 appellabant,
1034 2263 1142 2301 hunc
1171 2263 1354 2301 colerent
1387 2271 1431 2301 ut
1465 2270 1639 2312 patrem.
1665 2271 1706 2301 et

144 2346 229 2383 quo
262 2332 416 2371 diutius
449 2346 499 2371 eo
532 2333 766 2377 utebantur,
803 2334 880 2372 hoc
914 2333 1092 2384 amplius
1140 2333 1318 2371 eundem
1363 2333 1622 2375 mirarentur,
1660 2347 1706 2371 ac

147 2402 406 2453 suspicerent
428 2403 621 2442 universi.
647 2405 739 2442 Rex
762 2418 860 2443 vero
883 2418 954 2442 eos
978 2403 1179 2455 singulos,
1213 2412 1254 2442 et
1287 2404 1508 2454 praecipue
1536 2403 1704 2449 tirones,

146 2473 239 2523 plus
273 2473 403 2512 oculis
426 2473 646 2525 diligebat;
671 2483 711 2513 et
743 2488 866 2525 saepe
890 2474 1028 2513 animo
1051 2474 1295 2525 angebatur.
1331 2482 1455 2524 atque
1479 2473 1519 2512 in
1543 2474 1707 2512 diversa

146 2543 398 2589 trahebatur,
433 2544 584 2582 dubius
617 2553 854 2589 eventuum,
890 2544 973 2595 qui,
1000 2544 1039 2582 in
1064 2553 1179 2583 tanta
1202 2553 1438 2595 temporum
1474 2543 1705 2594 iniquitate,

145 2626 289 2652 eorum
323 2627 532 2664 quemque
565 2614 604 2652 in
639 2624 852 2665 posterum
901 2624 1040 2653 essent
1088 2614 1299 2665 excepturi
1324 2616 1430 2665 (10).
1473 2615 1608 2665 Quam
1652 2615 1706 2653 ob

145 2697 231 2722 rem
270 2684 446 2734 hospitis
495 2685 675 2724 sodalitii
723 2686 912 2737 egestati,
964 2694 1008 2724 ut
1054 2699 1152 2724 suae
1200 2694 1288 2724 erat
1335 2685 1440 2736 opis,
1491 2685 1705 2736 suppetias

148 2754 221 2792 ivit
251 2756 358 2803 (11).
399 2755 629 2801 Postremo,
674 2769 803 2806 quum
847 2757 985 2794 lumen
1029 2756 1243 2795 oculorum
1283 2756 1448 2806 penitus
1487 2755 1706 2801 amisisset,

148 2824 312 2876 insigne
360 2826 554 2864 omnibus
597 2826 842 2865 christianae
886 2827 1108 2877 patientiae
1160 2827 1457 2866 documentum
1507 2827 1705 2865 exhibuit.

150 2908 172 2932 «
199 2896 403 2945 Que1·eliS‚
430 2896 575 2947 inquit,
600 2897 771 2935 omnino
794 2906 857 2936 est
880 2898 1158 2947 parcendum:
1184 2898 1312 2936 immo
1337 2898 1428 2936 Deo
1457 2897 1591 2947 gratia
1620 2911 1709 2947 per-
