1926 3200
864 860 998 896 XXV.

478 1071 933 1121 SEBASTlAst
984 1067 1376 1118 SANGVINETI

247 1404 631 1433 RAESTANTISSIMI
659 1391 847 1442 magistri
872 1390 1057 1440 elogium
1082 1399 1227 1440 gratus
1250 1389 1480 1440 discipulus
1505 1388 1712 1427 exordior.

261 1465 342 1503 Hic
359 1464 468 1502 enim
487 1462 797 1514 philosophiam
817 1476 882 1499 me
899 1461 1054 1500 docuit.
1076 1460 1196 1499 Vitae
1215 1460 1340 1498 limen
1364 1459 1504 1510 attigit
1528 1460 1712 1503 Genuae,

148 1535 405 1574 nobilissima
439 1534 478 1572 in
512 1534 626 1577 urbe,
661 1546 770 1571 anno
803 1532 1029 1570 christiano
1064 1542 1354 1570 MDcccxxlx.
1389 1531 1427 1568 A
1460 1530 1714 1580 parentibus,

147 1607 234 1645 iure
267 1605 393 1644 veluti
429 1604 692 1648 hereditario,
729 1603 926 1654 pietatem
965 1602 1125 1653 accepit
1159 1604 1235 1653 (1),
1271 1611 1310 1640 et
1350 1602 1389 1640 in
1424 1601 1614 1651 Collegio
1649 1602 1716 1639 Al-

147 1676 309 1716 bertino
343 1690 366 1714 a
399 1674 552 1713 nostris
586 1674 798 1712 sodalibus
837 1674 889 1711 ad
934 1687 1101 1712 omnem
1140 1672 1369 1711 litterarum
1414 1672 1715 1710 humanitatem

149 1748 336 1792 eductus,
373 1746 479 1784 inter
511 1745 704 1795 aequales
737 1752 942 1794 perpetuo
976 1743 1131 1794 primas
1165 1743 1269 1782 tulit.

237 1819 434 1856 Honores
467 1817 685 1860 humanos,
722 1828 806 1866 quo
829 1814 1093 1853 commodius
1116 1814 1314 1852 caelestes
1338 1813 1415 1851 sibi
1440 1822 1615 1863 pararet.
1641 1827 1717 1863 pro

146 1888 277 1928 nihilo
296 1887 495 1939 pendens,
516 1900 647 1925 annos
666 1885 965 1936 septemdecim
986 1887 1120 1923 minor
1139 1894 1272 1929 natus,
1293 1884 1491 1923 Cherium
1512 1884 1550 1921 in
1572 1884 1714 1922 urbem

146 1958 375 2003 contendit,
411 1966 456 1996 ut
478 1957 518 1995 in
552 1965 736 1995 nostram
771 1955 1023 1994 Societatem
1050 1955 1314 2005 reciperetur.
1350 1955 1418 2000 At,
1454 1954 1596 2004 paucis
1620 1963 1716 2004 post

146 2030 306 2070 diebus„
342 2029 395 2067 ob
428 2027 710 2066 valetudinem
746 2026 852 2064 male
875 2026 1047 2071 firmam,
1074 2026 1126 2063 ad
1150 2038 1248 2063 suos
1281 2024 1416 2063 redire
1449 2034 1510 2063 est
1533 2033 1713 2063 coactus.

148 2100 290 2139 Nihilo
323 2108 461 2138 tamen
495 2098 628 2137 secius
670 2097 856 2136 animum
901 2110 984 2134 non
1017 2096 1254 2147 despondit,
1294 2104 1335 2134 et
1377 2109 1486 2133 anno
1531 2105 1713 2146 postero,

147 2171 219 2222 qui
252 2183 384 2209 annus
418 2169 495 2207 fuit
528 2179 836 2213 MDCCCXLVH,
871 2166 1050 2205 Calarim
1095 2166 1133 2204 in
1178 2165 1411 2205 Sardiniam
1445 2180 1488 2204 se
1521 2166 1714 2212 contulit:

149 2241 290 2292 ibique
340 2248 439 2279 voto
493 2239 678 2290 potitus,
735 2238 868 2289 prima
921 2237 1140 2288 religiosae
1194 2237 1302 2275 vitae
1354 2236 1562 2287 stipendia
1611 2237 1717 2275 inter

148 2319 314 2350 nostros
362 2311 518 2349 tirones
566 2309 713 2347 mereri
771 2308 921 2359 coepit.
971 2308 1113 2358 Quum
1162 2307 1303 2358 paucis
1355 2316 1451 2357 post
1504 2307 1716 2345 mensibus

147 2381 342 2420 universa
386 2380 585 2418 Italorum
631 2392 695 2417 res
738 2378 903 2429 publica
946 2377 1130 2416 funditus
1164 2391 1355 2415 eversum
1391 2377 1436 2415 iri
1486 2377 1714 2422 videretur,

148 2461 275 2503 atque
309 2450 500 2489 homines
534 2449 850 2501 flagitiosissimi
884 2449 1101 2500 religiosas
1144 2447 1330 2493 familias,
1371 2462 1417 2486 ac
1452 2448 1715 2499 potissimum

145 2522 399 2562 Societatem
434 2521 541 2563 Iesu,
583 2534 708 2565 Quam
743 2519 841 2558 odio
874 2519 1037 2569 capitali
1071 2519 1444 2570 prosequebantur,
1485 2519 1538 2556 de
1577 2519 1715 2557 medio

146 2592 291 2631 tollere
333 2599 601 2635 conarentur,
651 2603 829 2640 magnus
872 2602 966 2627 eum
1018 2589 1143 2627 timor
1185 2588 1371 2630 incessit,
1417 2603 1485 2634 ne,
1531 2597 1717 2639 propter-

146 2677 196 2702 ea
227 2662 343 2713 quod
376 2661 489 2699 nullo
523 2660 659 2699 adhuc
694 2659 908 2710 religionis
951 2659 1115 2698 vinculo
1153 2659 1499 2710 obstringeretur,
1533 2659 1585 2697 ad
1618 2673 1716 2696 suos

147 2733 285 2772 denuo
318 2732 557 2782 adigeretur
589 2745 632 2769 se
667 2730 861 2780 recipere.
889 2730 1058 2769 Interim
1082 2730 1279 2780 egregius
1302 2729 1544 2768 adolescens
1577 2743 1598 2767 e
1624 2729 1716 2767 Sar-

148 2803 262 2842 dinia
308 2802 518 2853 expulsus,
555 2801 699 2851 gravia
747 2800 852 2839 inter
894 2800 1145 2846 discrimina,
1192 2801 1231 2838 in
1279 2800 1539 2839 continentes
1587 2809 1717 2838 terras

151 2873 326 2917 traiecit,
361 2882 402 2911 et
455 2872 566 2923 apud
616 2871 780 2910 sodales
830 2871 1065 2922 perfugium
1115 2870 1332 2922 quaesivit.
1369 2871 1498 2908 Porro
1532 2870 1716 2913 Genuae,
