1926 3200
830 220 1093 254 -108—

177 336 227 361 eo
261 336 364 367 esse,
400 331 445 361 ut
479 322 562 361 vita
596 323 827 361 excederet.
875 323 1020 373 Itaque
1064 322 1434 361 vehementissimo
1473 323 1631 362 doloris
1665 324 1745 362 ictu

177 394 406 444 perculsuS,
442 403 482 432 et
515 394 630 445 quod
679 393 859 444 insuper,
911 394 1054 445 paucis
1103 404 1199 444 post
1232 393 1378 432 diebus
1418 408 1542 444 quam
1579 395 1746 433 Iavenio

178 464 388 515 profectus
422 473 521 507 erat,
557 465 610 503 de
643 465 779 515 patrui
813 464 876 503 sui
901 464 1018 503 obitu
1042 464 1322 515 cognovisset,
1349 465 1507 515 populo
1541 465 1620 503 iam
1654 479 1747 503 con-

178 544 340 582 vocato,
376 544 626 587 suggestum
661 535 916 579 conscendit,
952 544 992 574 et
1026 535 1066 573 in
1099 549 1294 586 suprema
1324 536 1524 574 concione
1557 537 1607 574 de
1640 550 1747 574 acer-

178 606 351 645 bissimo
400 607 551 645 nuncio
599 616 771 657 accepto
820 606 1032 645 auditores
1082 607 1470 649 commonefaciens,
1516 620 1746 658 eorumque

175 678 369 729 precibus
418 687 591 717 matrem
641 678 967 720 commendans,
1003 694 1024 715 «
1054 678 1189 716 Mater
1222 691 1339 719 mea,
1386 677 1548 728 inquit,
1585 678 1624 716 in
1656 692 1747 728 pro-

177 749 290 788 ximo
324 758 397 791 est,
433 758 478 788 ut
511 749 690 788 animam
725 757 842 800 agat:
893 758 933 787 et
977 749 1056 787 iam
1103 749 1277 787 fortasse
1310 748 1419 787 diem
1465 762 1585 787 suum
1632 749 1745 787 obiit.

178 821 300 858 Hanc
332 819 526 871 equidem
561 820 737 863 deserui,
774 829 818 858 ut
853 834 927 858 vos
961 834 1216 870 quaererem.
1249 819 1402 858 Salutis
1426 828 1586 858 vestrae
1610 834 1744 863 causa,

178 890 279 929 mihi
313 891 441 929 modo
475 891 563 929 eius
587 890 841 934 invisendae,
868 904 974 941 quae
1005 904 1070 928 me
1103 890 1143 928 in
1177 890 1310 928 lucem
1344 890 1470 932 dedit,
1506 891 1676 929 lacultas
1711 904 1747 928 e—

178 961 339 1012 ripitur;
363 961 536 1012 eiusque
569 961 716 1000 frontis
750 961 946 1000 sudorem
980 961 1233 1012 abstergere,
1269 962 1412 999 oculos
1451 961 1740 1012 ccnnprimere,

177 1046 329 1084 corpus
353 1041 487 1072 terrae
521 1033 732 1075 mandare,
767 1032 889 1084 eique
923 1033 1012 1071 vale
1036 1046 1278 1082 supremum
1308 1031 1444 1070 dicere
1469 1046 1550 1071 non
1585 1032 1679 1070 licet
1706 1048 1740 1070 ›>.

178 1103 342 1154 Quibus
366 1103 499 1149 dictis,
534 1118 557 1141 a
589 1103 768 1142 lacrimis
793 1112 1025 1154 temperare
1058 1117 1141 1141 non
1165 1103 1315 1153 potuit.
1351 1104 1458 1141 Tum
1484 1117 1583 1141 vero
1608 1103 1743 1141 omnis

179 1174 405 1214 multitudo
425 1174 585 1226 gemitu
604 1189 650 1213 ac
673 1175 772 1213 fletu
796 1174 998 1225 templum
1018 1188 1141 1213 omne
1165 1174 1412 1224 complevit2
1437 1185 1477 1212 et
1502 1188 1654 1225 magna
1678 1175 1747 1212 ho-

181 1245 338 1284 minum
373 1255 550 1288 caterva,
577 1245 648 1297 qui
671 1245 759 1284 eius
783 1245 956 1284 vocibus
989 1254 1109 1283 antea
1133 1245 1461 1295 pertinacissime
1485 1245 1744 1287 obstiterant,

181 1317 234 1356 ad
267 1331 361 1356 eum
395 1331 618 1363 accessere,
653 1317 771 1355 enixe
805 1325 1015 1368 rogantes,
1051 1325 1107 1359 ut,
1143 1316 1341 1366 quoniam
1372 1316 1616 1366 propediem
1650 1316 1746 1354 hinc

185 1397 295 1427 esset
326 1388 527 1435 abiturus,
562 1388 640 1427 sibi
673 1388 855 1426 admissa
903 1387 1128 1426 fatentibus
1169 1400 1290 1425 aures
1339 1400 1415 1437 pro
1455 1400 1572 1425 sacro
1608 1387 1751 1425 Poeni-

178 1459 332 1498 tentiae
365 1459 559 1498 tribunali
593 1459 792 1509 praebere
826 1472 876 1497 ne
900 1459 1162 1497 detrectaret.
1189 1458 1285 1508 Quo
1308 1457 1416 1496 facto
1446 1457 1605 1495 Giorda
1637 1458 1745 1495 adeo

177 1539 240 1569 est
278 1538 526 1575 commotus,
563 1538 607 1569 ut
640 1529 842 1581 gaudium
891 1530 1046 1568 luctum
1096 1528 1316 1579 exceperit.
1368 1529 1514 1579 Itaque
1563 1542 1644 1567 non
1694 1528 1745 1566 de

179 1601 325 1640 itinere
358 1602 410 1640 ad
444 1609 618 1640 matrem
652 1600 867 1652 cogitavit,
903 1601 976 1639 sed
1009 1600 1060 1638 de
1094 1599 1214 1637 novis
1249 1599 1586 1650 expeditionibus
1620 1599 1743 1638 susci-

180 1672 344 1723 piendis
378 1672 418 1710 in
452 1672 634 1711 maximo
669 1672 864 1711 Corsicae
887 1670 1189 1722 promontorio,
1216 1671 1330 1720 quod
1354 1671 1405 1709 ad
1429 1670 1744 1721 Septentriones

178 1743 328 1795 vergit.

265 1814 399 1854 Unius
448 1814 543 1852 anni
594 1813 744 1864 spatio,
797 1813 947 1864 viginti
997 1812 1153 1864 oppida
1201 1812 1482 1863 perlustravit,
1519 1812 1557 1849 in
1593 1812 1743 1862 quibus

176 1886 351 1937 singulis
385 1886 438 1924 ad
471 1886 614 1927 denos,
650 1886 713 1923 vel
747 1884 873 1924 etiam
908 1884 1059 1935 quinos
1083 1885 1214 1923 denos
1237 1884 1326 1922 dies
1351 1893 1412 1922 est
1446 1892 1745 1924 commoratus,

181 1966 225 1996 ut
259 1957 414 1996 incolas
447 1956 499 1994 ad
533 1956 778 2007 religionem
803 1964 843 1994 et
877 1956 1010 1994 bonos
1044 1969 1181 1994 mores
1206 1955 1458 1993 informaret.
1492 1955 1587 2004 Quo
1621 1953 1743 1992 etiam

178 2036 368 2079 tempore
401 2027 569 2078 plurimi
603 2041 697 2065 eum
738 2026 864 2076 legati
904 2040 1079 2077 peregre
1122 2034 1408 2064 convenerunt
1457 2024 1744 2075 efflagitatum,

178 2109 222 2138 ut
255 2100 306 2138 ad
340 2113 438 2138 suos
472 2112 606 2150 pagos
639 2112 683 2137 se
722 2099 940 2139 conferret,
975 2106 1016 2136 et
1049 2098 1288 2136 deerrantes
1311 2097 1364 2135 ad
1394 2106 1551 2135 rectum
1582 2096 1746 2135 virtutis

180 2171 257 2210 iter
305 2170 432 2209 sacris
481 2169 751 2209 concionibus
800 2178 1026 2208 revocaret.
1064 2169 1254 2219 Quorum
1298 2167 1515 2210 voluntati,
1551 2167 1742 2218 quamvis

179 2255 251 2280 eos
284 2242 394 2280 bona
426 2254 500 2292 spe
534 2240 841 2291 complevisset,
882 2239 1057 2290 obsequi
1096 2253 1179 2277 non
1218 2239 1367 2289 potuit.
1410 2238 1441 2277 Ii
1485 2252 1597 2281 vero,
1633 2239 1745 2289 apud

178 2326 284 2364 quos
317 2312 554 2355 diverterat,
589 2326 715 2362 aegre
754 2311 981 2350 admodum
1015 2324 1109 2349 eum
1142 2310 1255 2348 abire
1288 2310 1479 2348 sinebant
1521 2317 1646 2360 atque
1680 2310 1746 2347 ab·

177 2392 357 2428 euntem,
392 2384 566 2434 longum
601 2383 691 2421 viae
724 2382 905 2433 spatium
939 2381 1106 2433 agmine
1130 2390 1334 2432 perpetuo
1364 2380 1682 2425 comitabantur,
1708 2388 1747 2418 et

178 2454 367 2506 plurimis
402 2454 593 2505 precibus
627 2453 921 2504 exposcebant,
954 2467 1004 2491 ne
1037 2452 1107 2491 diu
1141 2453 1285 2491 abesse
1318 2452 1464 2493 vellet:
1499 2465 1544 2490 ac
1577 2451 1745 2489 demum

177 2525 357 2564 lacrimis
391 2524 547 2567 suffusi,
583 2525 633 2562 ab
667 2538 729 2567 eo,
765 2524 892 2563 veluti
928 2523 997 2562 filii
1031 2538 1053 2561 a
1086 2532 1215 2574 patre,
1251 2523 1555 2561 divellebantur
1578 2527 1655 2571 (2).

270 2595 512 2634 Decedente
546 2608 655 2633 anno
690 2606 927 2637 MDCCCLH,
963 2609 986 2632 a
1019 2594 1103 2632 suis
1138 2593 1400 2644 praesidibus
1430 2601 1492 2631 est
1515 2600 1744 2635 revocatus,

178 2675 218 2706 et
253 2666 545 2705 Brictinorium
581 2665 619 2703 in
654 2665 876 2703 Aemiliam
900 2664 1070 2706 missus:
1107 2664 1247 2710 ibique
1270 2663 1508 2714 theologiae
1544 2663 1744 2713 dogmata

177 2751 389 2776 sacrorum
424 2737 614 2775 alumnos
639 2736 798 2775 naviter
822 2736 976 2778 docuit,
1003 2736 1258 2786 eosdemque
1282 2734 1446 2786 pietatis
1470 2733 1670 2784 magister
1693 2733 1743 2771 ad

177 2822 344 2847 omnem
378 2807 592 2858 religionis
616 2821 804 2845 normam
840 2806 1030 2845 instituit.
1064 2805 1238 2844 Biennio
1262 2814 1368 2856 post,
1396 2804 1544 2843 iterum
1570 2804 1609 2841 in
1645 2804 1742 2842 Cor-

176 2879 302 2917 sicam
336 2887 398 2917 est
431 2878 666 2919 accersitus,
703 2886 748 2916 ut
782 2877 821 2915 in
856 2891 991 2916 sacras
1032 2879 1247 2915 missiones
1291 2876 1430 2914 denuo
1475 2875 1742 2913 incumberet.
