1926 3200
856 219 1126 262 —133—

204 335 343 359 sacrae
377 320 628 371 theologiae,
665 319 741 357 iuri
776 319 978 358 canonico
1017 328 1057 358 et
1106 319 1272 370 linguae
1320 320 1536 359 hebraicae
1585 331 1767 361 mentem

202 392 382 433 addidit:
407 406 453 430 ac
479 391 677 430 Doctoris
700 391 839 429 laurea
863 391 1168 442 perhonorifice
1193 391 1451 437 honestatus,
1477 400 1518 430 et
1541 393 1777 432 sacerdotio

200 471 358 504 auctus,
395 462 501 500 inter
534 461 717 500 minores
751 461 855 511 regii
889 461 1055 499 sacrarii
1099 461 1291 499 curiones
1325 470 1387 500 est
1421 471 1656 512 cooptatus.
1694 463 1774 501 Per

203 534 311 572 idem
346 533 429 571 fere
463 542 630 583 tempus
655 532 759 581 regii
788 532 980 571 athenaei
1004 540 1043 570 et
1067 531 1318 570 Academiae
1349 532 1535 571 militaris
1569 534 1773 579 alumnos,

201 605 319 644 statis
343 603 617 643 concionibus
641 604 693 642 ad
718 604 915 654 pietatem
942 603 1185 642 instituebat
1209 612 1247 642 et
1271 603 1430 654 aliquot
1454 603 1615 643 nobiles
1639 605 1777 643 adole-

200 685 367 715 scentes
402 675 576 726 privatis
609 675 858 713 lectionibus
891 675 943 713 ad
977 674 1136 713 litteras
1170 674 1433 714 informabat.
1643 666 1646 670 ²

292 747 371 785 His
406 756 545 786 tamen
580 761 664 785 non
703 755 935 788 contentus,
972 760 1056 797 quo
1086 746 1238 785 arctius
1271 760 1314 785 se
1349 747 1442 785 Deo
1476 747 1772 798 obstringeret,

199 833 310 857 anno
335 818 483 857 aetatis
507 832 605 856 suae
640 817 764 856 tertio
798 826 837 855 et
870 817 1093 859 tricesimo,
1119 817 1275 856 mundo
1300 817 1498 855 nuncium
1528 817 1698 863 remisit,
1735 826 1776 857 et

201 890 399 929 Cherium
424 889 680 940 properavit,
717 898 761 928 ut
795 888 835 927 in
870 898 1013 928 nostra
1042 888 1251 927 Societate
1284 888 1522 927 tirocinium
1556 889 1773 940 religionis

200 962 333 1000 iniret.
370 961 460 999 Hac
494 975 536 999 re
570 960 723 1002 audita.
760 960 959 1005 nonnulli,
996 960 1066 1011 qui
1100 970 1286 999 nostram
1321 960 1574 999 Societatem
1616 960 1771 1011 iniquis

202 1032 335 1071 oculis
389 1031 675 1082 aspiciebant,
731 1040 771 1070 et
821 1031 1047 1077 Pellicum,
1102 1032 1156 1069 ob
1204 1031 1399 1082 egregias
1448 1031 1574 1069 animi
1622 1031 1771 1077 dotes,

202 1117 358 1155 magno
394 1104 433 1141 in
468 1104 627 1142 honore
661 1104 869 1142 habebant
911 1117 957 1142 ac
1000 1117 1163 1141 summa
1210 1103 1499 1142 benevolentia
1548 1116 1774 1153 proseque-

203 1175 364 1219 bantur,
415 1174 781 1213 vehementissime
829 1183 925 1212 sunt
974 1173 1186 1216 commoti,
1237 1173 1409 1224 eiusque
1442 1187 1604 1211 versam
1640 1173 1772 1212 vicem

202 1246 368 1296 publice
403 1245 684 1284 indoluerunt.
719 1244 802 1283 Alii
851 1244 975 1283 etiam
1021 1244 1226 1287 exstitere,
1262 1244 1332 1295 qui
1366 1245 1502 1295 palam
1536 1244 1653 1283 fateri
1687 1258 1771 1282 non

201 1317 454 1359 dubitarent,
492 1316 702 1362 pellicum,
729 1317 793 1354 vel
817 1325 987 1355 externa
1010 1324 1250 1354 nostrorum
1276 1316 1480 1354 sodalium
1515 1315 1653 1366 specie
1681 1329 1772 1354 esse

201 1389 437 1439 deceptum,
464 1389 527 1426 vel
561 1402 611 1426 ex
645 1387 819 1439 optimo,
851 1388 922 1439 qui
945 1396 1065 1426 antea
1090 1387 1195 1426 inter
1218 1401 1316 1426 suos
1349 1387 1506 1430 fuisset,
1543 1387 1697 1425 malum
1722 1401 1773 1425 ex

203 1459 433 1510 improviso
467 1458 660 1497 effectum
694 1473 804 1505 esse3
839 1459 938 1510 quin
972 1458 1097 1497 etiam
1130 1459 1327 1501 futurum,
1368 1467 1412 1497 ut
1453 1458 1558 1496 inter
1592 1459 1774 1496 Nostros

201 1530 316 1568 brevi
340 1530 546 1581 pessimus
569 1530 861 1577 evaderet(2).
897 1530 1053 1568 Contra
1086 1529 1184 1568 boni
1219 1543 1377 1571 omnes,
1414 1528 1574 1566 iuvenis
1608 1528 1774 1579 religio-

202 1615 297 1640 nem
333 1615 590 1652 magnopere
625 1600 828 1643 admirati,
864 1600 1039 1639 summis
1072 1614 1167 1639 eum
1201 1600 1393 1639 laudibus
1426 1601 1676 1638 extulerunt.

297 1673 459 1710 Interea
494 1671 682 1716 Pellicus,
733 1671 924 1710 tirocinio
973 1671 1087 1715 inito,
1123 1685 1253 1722 quum
1291 1671 1440 1709 doctor
1472 1670 1612 1721 potius
1644 1684 1771 1721 quam

202 1742 432 1793 discipulus
457 1742 623 1793 pietatis
646 1742 731 1781 suis
756 1742 1090 1781 moderatoribus
1114 1741 1227 1780 visus
1251 1750 1372 1787 esset,
1398 1755 1507 1780 anno
1525 1741 1594 1779 vix
1616 1742 1771 1791 elapso,

203 1814 359 1852 ibidem
384 1814 567 1852 tironum
592 1813 794 1865 magistro
819 1813 957 1852 socius
980 1822 1042 1852 est
1065 1813 1198 1852 datus.
1226 1812 1400 1851 Biennio
1423 1821 1532 1863 post,
1558 1812 1772 1850 Melanum

204 1884 244 1922 in
278 1885 533 1936 Allobroges
567 1894 629 1923 est
662 1884 826 1930 missus,
862 1892 905 1922 ut
938 1893 1099 1923 ceteros
1133 1883 1301 1930 tirones,
1327 1883 1397 1934 qui
1432 1883 1513 1922 illic
1545 1883 1770 1933 degebant,

203 1956 255 1994 ad
289 1970 378 1994 eam
429 1956 561 2007 ipsam
610 1956 821 2006 pietatem,
857 1955 915 1994 uti
949 1955 1161 2006 magister,
1211 1955 1418 2000 educeret,
1464 1953 1581 1993 cuius
1616 1953 1770 2000 Cherii,

199 2027 336 2065 adhuc
369 2027 462 2069 tiro.
498 2035 561 2066 tot
594 2026 745 2065 eximia
778 2026 1030 2065 documenta
1064 2025 1336 2077 praebuisset.
1373 2026 1421 2064 Id
1455 2038 1606 2063 munus
1639 2037 1769 2075 quum

200 2098 372 2149 egregie
406 2098 636 2136 admodum
669 2098 721 2136 ad
744 2112 816 2136 sex
849 2111 980 2136 annos
1009 2097 1271 2148 explevisset,
1296 2095 1483 2135 Antonio
1518 2095 1769 2142 Brescianio,

200 2169 271 2220 qui
307 2183 353 2207 ea
387 2178 637 2219 tempestate
671 2168 910 2219 provinciae
944 2168 1214 2206 Taurinensis
1253 2167 1554 2218 praefecturam
1588 2166 1772 2217 auspica-

198 2240 358 2279 tissime
396 2249 651 2291 susceperat,
688 2240 825 2279 socius
858 2239 1023 2291 obtigit.

290 2312 375 2349 Iam
410 2320 600 2361 tempora
634 2310 863 2349 inciderant
898 2310 1190 2353 formidolosa,
1227 2323 1333 2361 quae
1366 2308 1520 2348 nostris
1553 2307 1769 2346 sodalibus

202 2383 308 2421 male
337 2382 513 2421 ominari
549 2382 807 2425 videbantur,
844 2391 888 2421 ut
921 2381 962 2419 hi
996 2395 1152 2432 magno
1187 2382 1226 2419 in
1260 2380 1498 2419 discrimine
1531 2388 1618 2418 tota
1653 2379 1771 2418 Italia

202 2453 355 2492 versari
404 2453 632 2504 coeperint.
678 2453 847 2504 Quippe
891 2452 1082 2491 homines
1126 2450 1484 2503 profligatissimi,
1527 2449 1764 2496 vaferrimi,

199 2537 336 2562 rerum
386 2537 590 2562 novarum
624 2523 784 2574 cupidi,
831 2523 1084 2562 Societatem
1133 2531 1318 2561 nostram
1362 2521 1464 2560 falso
1514 2521 1765 2566 insimulare,

200 2594 364 2645 probris
388 2595 589 2633 lacessere
607 2603 647 2633 et
672 2593 902 2632 maledictis
928 2593 1141 2644 increpare
1165 2592 1441 2637 instituerant,
1467 2605 1550 2642 quo
1584 2605 1674 2630 eam
1699 2590 1773 2629 sci-

200 2665 306 2712 licet,
342 2665 521 2716 pessime
555 2665 806 2711 audientem,
837 2674 877 2704 et
900 2665 1058 2704 facilius
1092 2664 1396 2709 imminuerent,
1433 2673 1473 2702 et
1506 2663 1626 2702 citius
1660 2675 1773 2700 ever-

198 2745 344 2775 terent.
367 2737 458 2774 Hos
478 2736 584 2774 inter
602 2736 846 2774 Vincentius
866 2735 1108 2775 Giobertius
1127 2734 1375 2786 praecipuus
1394 2733 1564 2773 exstitit.
1586 2734 1625 2772 Is
1643 2732 1768 2778 enim,

197 2807 312 2845 edito
345 2807 463 2849 libro,
499 2807 725 2845 calumnias
760 2820 891 2857 paene
926 2806 1259 2847 innumerabiles,
1285 2805 1471 2856 undique
1494 2803 1763 2855 conquisitas,

201 2878 240 2915 in
260 2886 449 2916 nostrum
475 2878 677 2916 Ordinem
697 2877 871 2928 eiusque
889 2878 1082 2916 alumnos
1100 2877 1152 2915 ad
1168 2876 1467 2927 impudentiam
1487 2881 1768 2926 congesserat.
