1926 3200
166 393 265 419 vero
297 386 613 418 monumentum
646 391 728 415 non
766 377 818 414 ab
855 377 933 414 hoc
972 389 1083 426 rege,
1123 375 1196 413 sed
1230 389 1252 413 a
1286 374 1438 414 Carolo
1476 373 1625 419 Felice,
1661 372 1720 411 uti

167 450 415 496 monuimus,
450 449 632 500 positum
666 456 740 486 est.
776 447 983 498 Equidem
1026 459 1177 484 censeo
1220 445 1261 484 id
1296 445 1551 496 probabilius
1598 443 1723 483 tribui

165 521 317 560 debere
350 519 543 571 prudenti
577 518 740 557 silentio
774 518 1085 556 moderatorum
1130 524 1381 561 nostrorum,
1417 515 1487 566 qui
1521 523 1562 553 et
1595 514 1635 553 in
1669 522 1725 552 ta-

166 592 272 630 bella
294 590 502 630 sociorum
525 589 762 641 provinciae
781 588 952 634 italicae,
972 601 1080 626 anno
1105 598 1347 626 MDCCCXIX
1367 586 1451 625 vita
1472 586 1724 631 functorum,

163 662 275 713 typis
322 661 444 707 edita,
494 674 647 700 nomen
695 660 805 711 regis
853 658 971 710 siglis
1019 658 1314 697 tantummodo
1362 657 1617 702 extulerunt;
1667 656 1724 695 ita

165 747 333 784 nempe:
369 757 422 761 —
457 732 502 771 C.
544 732 590 770 E.
625 731 667 770 S.
719 755 792 775 —‚
828 730 934 768 idest
968 730 1142 769 Carolus
1191 728 1438 767 Emmanuel
1487 727 1721 767 Sabaudus.

165 804 369 856 Quisnam
402 803 568 842 titulum
601 801 906 852 conscripserit,
931 801 1055 851 plane
1083 809 1346 851 compertum
1380 813 1463 838 non
1496 799 1642 837 habeo.
1668 799 1726 837 At

166 874 326 926 opinari
358 873 464 919 licet,
499 872 779 923 conscriptum
813 886 902 910 esse
935 886 958 910 a
992 872 1035 910 Ρ.
1082 871 1262 922 Iosepho
1311 869 1546 916 Petrucci0‚
1588 868 1725 908 Socie-

165 946 260 986 tatis
293 953 458 984 nostrae
490 944 655 982 rhetore
688 942 1029 994 praeclarissimo,
1055 941 1126 993 qui
1159 955 1207 980 ea
1230 949 1489 991 tempestate,
1525 940 1566 978 in
1594 940 1723 978 domo

163 1017 204 1056 S.
240 1016 433 1054 Andreae
466 1014 506 1052 in
540 1015 684 1053 Monte
718 1013 935 1064 Quirinali,
967 1013 1124 1051 litteras
1148 1011 1366 1063 politiores
1400 1010 1554 1050 nostris
1591 1010 1722 1049 iunio-

163 1087 275 1126 ribus
308 1085 509 1131 tradebat,
545 1093 585 1124 et
617 1084 833 1124 titulorum
866 1084 1183 1123 condendorum
1217 1081 1495 1134 peritissimus
1530 1089 1630 1120 erat.

254 1158 347 1195 Hoc
380 1170 505 1207 porro
528 1169 611 1194 non
635 1155 865 1206 impedivit,
890 1154 1127 1206 quominus,
1168 1152 1448 1205 quadraginta
1471 1160 1567 1203 post
1589 1150 1721 1196 annis,

163 1241 292 1279 quum
325 1226 536 1266 Victorius
585 1226 831 1264 Emmanuel
866 1226 917 1271 II,
953 1224 1280 1275 Subalpinorum
1320 1237 1402 1269 rex,
1448 1230 1535 1261 tota
1572 1222 1656 1260 sere
1691 1222 1724 1259 I-

164 1298 260 1338 talia
293 1312 366 1349 per
397 1298 482 1336 vim
515 1297 673 1349 potitus
705 1305 826 1343 esset,
861 1305 986 1348 atque
1019 1296 1094 1335 hac
1127 1296 1180 1335 de
1211 1309 1335 1334 causa
1373 1294 1559 1333 Societas
1582 1301 1725 1332 nostra

162 1370 385 1408 multarum
428 1369 652 1408 domorum
695 1368 895 1407 iacturam
938 1381 1061 1419 passa
1110 1375 1237 1413 esset,
1284 1367 1328 1404 P.
1376 1366 1522 1404 Petrus
1566 1365 1720 1411 Beckx,

162 1440 350 1479 eiusdem
408 1439 629 1479 Societatis
689 1438 957 1489 Praepositus
1010 1437 1255 1483 Generalis,
1311 1437 1363 1475 ad
1417 1436 1528 1475 hunc
1580 1449 1724 1486 regem

163 1511 349 1562 publicas
382 1510 539 1550 litteras
561 1510 690 1556 daret,
715 1509 867 1561 quibus
891 1523 1062 1548 suorum
1092 1508 1180 1547 iura
1213 1507 1441 1553 vindicans,
1477 1506 1517 1545 in
1541 1514 1724 1545 mentem

163 1581 200 1621 ei
233 1595 427 1620 revocare
474 1595 557 1620 non
604 1580 823 1627 dubitavit,
874 1580 1070 1619 Carolum
1114 1579 1429 1618 Emmanuelem
1463 1578 1533 1624 IV,
1569 1576 1639 1628 qui
1673 1577 1725 1615 ab

163 1651 311 1691 iisdem
344 1660 469 1703 atque
501 1651 568 1690 ille
600 1651 835 1691 Sabaudiae
868 1650 1057 1689 Ducibus
1090 1648 1416 1701 religiosissimis
1440 1648 1617 1699 primam
1647 1646 1724 1686 ori-

164 1722 305 1774 ginem
338 1721 537 1769 duxisset,
572 1721 824 1761 Societatem
859 1722 952 1760 Iesu
985 1721 1088 1760 tanti
1121 1721 1278 1767 fecisse,
1304 1729 1361 1766 ut,
1397 1727 1582 1758 extremo
1615 1717 1726 1757 vitae

164 1800 364 1844 tempore,
409 1792 445 1831 ei
478 1806 521 1831 se
543 1801 678 1831 totum
700 1792 919 1839 addixerit,
947 1800 1073 1843 atque
1105 1791 1146 1830 in
1179 1791 1332 1831 nostris
1365 1790 1561 1830 domibus
1594 1798 1726 1829 terras

164 1862 370 1902 sideribus
403 1862 722 1902 commutaverit
745 1866 784 1913 (Ι
797 1865 852 1914 7).

681 2271 698 2283 ἱ
704 2271 720 2283 Σ
726 2271 834 2283 xxxxv&
838 2271 878 2283 -ἱ«Χ
884 2271 1215 2283 ἱχΧὶἱκὶκὶκὶΧὶΧὍὶΧΧκὶΧὶΧὶλὶ«ἱ
