1926 3200
862 291 1123 326 -180-

205 408 369 433 recessu
403 394 455 432 ad
488 393 735 444 religionem
769 393 882 432 aluit.
917 394 1069 432 Aetate
1103 393 1182 431 iam
1216 393 1422 440 inclinata,
1458 394 1650 446 Collegio
1684 396 1773 435 Mo·

203 465 398 504 noecensi
448 464 709 503 moderando
759 464 951 515 praefuit,
1002 478 1048 502 ac
1096 464 1266 502 demum
1316 465 1502 512 Genuae,
1554 465 1594 504 in
1642 466 1773 506 domo

205 535 525 581 Exercitiorum‚
561 548 729 585 praeses
764 542 1004 573 nostrorum
1037 534 1244 573 sodalium
1278 544 1341 574 est
1373 536 1637 575 constitutus.

296 608 421 645 Anno
456 617 781 652 MDCCCXLVIII,
816 605 975 644 cunctis
1009 605 1222 644 sodalibus
1251 606 1404 645 nostris
1438 607 1478 645 in
1511 607 1676 646 diversa
1707 609 1775 646 ab-

205 678 413 724 euntibus,
449 691 579 728 quum
624 676 878 715 Pozzonium
922 676 1034 727 apud
1077 690 1176 715 suos
1214 690 1257 715 se
1290 678 1527 728 recepisset,
1567 692 1651 717 non
1685 678 1772 718 otio

204 748 388 795 indulsit,
438 748 513 786 sed
561 762 668 799 opus
716 747 965 798 conscripsit
1012 747 1065 786 de
1113 747 1272 787 ratione
1310 749 1564 796 studim-mm
1599 749 1771 800 copiosa

203 819 374 870 quidem
409 819 659 865 eruditione,
694 827 736 857 at
769 818 1004 857 elocutione
1037 817 1159 857 nimis
1192 819 1440 870 conquisita,
1475 828 1603 870 atque
1637 820 1774 859 minus

203 890 436 942 perspicua.
472 889 633 935 Senior,
670 890 842 929 Genuae
876 903 1005 940 quum
1034 890 1287 936 morabatur,
1313 904 1420 941 opus
1453 890 1565 929 aliud
1600 891 1775 941 protulit

203 962 256 1000 de
306 961 477 1000 Diluvio
527 960 762 1007 universali,
799 974 884 1012 quo
933 960 1153 999 ostendere
1193 961 1365 1005 studuit,
1416 961 1629 1013 ingentem
1663 962 1773 1000 illam

203 1047 407 1084 aquarum
442 1033 610 1078 molem,
646 1045 772 1083 quam
807 1031 1012 1070 montium
1045 1031 1259 1070 cacumina
1281 1046 1598 1084 supergressam
1632 1047 1773 1072 sacrae

203 1118 280 1143 nos
313 1104 475 1143 litterae
508 1104 674 1150 docent,
724 1117 793 1142 eas
840 1103 1133 1142 tantummodo
1182 1103 1326 1142 mundi
1370 1098 1567 1155 regiones
1598 1118 1771 1155 prorsus

205 1176 433 1227 operuisse,
469 1189 572 1226 quas
606 1183 694 1214 tum
728 1175 920 1213 homines
944 1174 1183 1213 incolerent.
1211 1175 1257 1213 Id
1288 1189 1414 1226 porro
1449 1175 1516 1213 illa
1550 1175 1639 1226 ipsa
1672 1184 1772 1214 tem-

204 1246 319 1298 poris
353 1246 529 1297 periodo
563 1245 804 1297 contigisse,
840 1259 965 1297 quam
999 1259 1136 1284 rerum
1170 1245 1438 1296 physicarum
1472 1247 1652 1285 cultores
1685 1247 1769 1298 gla-

204 1317 349 1356 cialem
374 1318 598 1369 appellant.
623 1317 766 1368 Atque
790 1316 845 1355 ita
877 1316 1081 1355 affirmare
1115 1330 1197 1355 non
1231 1316 1448 1363 dubitavit,
1485 1331 1591 1368 quae
1624 1318 1676 1356 de
1702 1317 1773 1356 Di-

204 1388 317 1428 luvio
350 1388 391 1426 in
424 1388 577 1427 divinis
610 1387 724 1426 libris
758 1395 1014 1433 enarrantur,
1050 1387 1098 1425 iis
1132 1387 1374 1439 neutiquam
1407 1388 1629 1435 adversari,
1665 1402 1772 1439 quae

204 1460 398 1499 doctores
422 1459 603 1510 Geologi
628 1458 827 1498 accidisse
851 1466 1011 1509 putent.
1038 1459 1132 1497 Hoc
1155 1472 1254 1497 vero
1278 1458 1483 1510 praestitit
1507 1467 1621 1497 tanta
1638 1459 1773 1498 erudi-

204 1531 330 1571 tionis
363 1533 564 1577 ubertate,
599 1538 639 1569 et
672 1538 1018 1582 argumentorum
1051 1529 1248 1580 pondere,
1275 1538 1319 1569 ut
1347 1538 1550 1581 quantum
1574 1529 1773 1569 historiae

203 1616 357 1649 sacrae,
383 1611 423 1641 et
447 1616 583 1641 rerum
608 1601 857 1640 naturalium
886 1600 1059 1639 scientia
1081 1601 1248 1647 valeret,
1277 1601 1508 1640 luculenter
1530 1601 1771 1652 probaverit

204 1682 245 1712 et
279 1674 428 1712 merito
462 1687 484 1711 a
516 1673 616 1711 viris
648 1672 783 1711 doctis
816 1672 946 1710 multa
977 1672 1100 1710 laude
1132 1671 1185 1710 sit
1218 1671 1453 1722 impertitus
1478 1674 1554 1723 (Ι).

295 1746 360 1783 De
393 1744 481 1783 eius
515 1744 641 1783 animi
690 1743 914 1783 virtutibus
962 1743 1062 1782 haec
1111 1743 1224 1782 iuvat
1265 1744 1484 1795 attingere.
1520 1744 1594 1781 Vir
1627 1744 1770 1795 magni

204 1816 378 1859 consilii,
414 1824 658 1867 perspectae
690 1814 923 1866 probitatis,
965 1814 1229 1865 iustitiaeque
1270 1822 1405 1861 tenax,
1450 1815 1565 1866 quod
1597 1814 1772 1866 aequius

204 1887 333 1933 novit,
371 1887 411 1925 id
443 1887 655 1938 antiquius
689 1886 845 1925 habuit.
881 1885 1122 1937 Religiosae
1145 1885 1388 1937 disciplinae
1410 1887 1543 1925 cultor
1575 1885 1770 1924 assiduus

204 1959 293 2005 fuit,
328 1967 454 2009 atque
487 1959 539 1996 ad
575 1958 653 1996 Dei
687 1958 864 2009 gloriam
912 1965 953 1996 et
985 1957 1216 1995 animarum
1255 1958 1429 1996 salutem
1463 1957 1770 2008 procurandam

204 2029 492 2070 sollertissime
540 2028 739 2068 incubuit.
792 2028 989 2067 Desidiae
1037 2042 1146 2074 osor,
1195 2037 1236 2067 et
1283 2028 1467 2067 domitor
1514 2027 1767 2078 cupiditatis,

203 2115 417 2152 nunquam
452 2099 582 2152 quieti
616 2099 815 2143 inserviit,
850 2100 915 2138 vel
949 2099 1151 2138 solamina
1184 2098 1379 2150 captavit.
1414 2098 1557 2137 Animi
1591 2098 1766 2149 patiens,

202 2172 383 2224 querelis
416 2171 628 2217 abstinuit,
663 2170 909 2222 praesertim
954 2170 994 2208 in
1037 2178 1224 2209 extremo
1268 2170 1428 2215 morbo,
1469 2169 1585 2208 cuius
1617 2169 1770 2207 acerbi-

202 2251 330 2282 tatem
364 2242 598 2281 constantia
630 2242 854 2293 superavit.
890 2242 998 2279 Nam
1032 2241 1160 2280 totius
1202 2255 1334 2291 paene
1367 2239 1555 2291 corporis
1588 2239 1768 2290 paralysi

199 2322 429 2365 correptus,
465 2321 510 2352 ut
542 2312 612 2352 vix
645 2327 826 2358 manum,
862 2312 926 2350 vel
960 2312 1110 2362 pedem
1133 2312 1353 2357 attolleret,
1378 2325 1469 2350 eam
1501 2310 1605 2349 mira
1637 2310 1764 2349 animi

199 2384 499 2436 tranquillitate
532 2383 766 2423 diutissime
799 2391 862 2422 est
894 2396 1131 2434 perpessus.
1177 2381 1517 2421 Moderatoribus
1550 2381 1662 2420 dicto
1696 2382 1766 2420 ob-

199 2470 379 2508 sequens
412 2455 453 2493 in
486 2455 735 2506 exemplum,
772 2455 885 2501 nihil,
921 2454 968 2493 iis
1003 2454 1259 2499 inconsultis,
1304 2454 1475 2504 agebat;
1521 2452 1767 2491 omnimoda

200 2527 341 2566 munia
389 2527 466 2565 sibi
516 2526 668 2565 tradita
716 2534 936 2577 promptus
984 2525 1136 2572 adibat,
1181 2533 1221 2564 et
1253 2539 1330 2576 pro
1363 2524 1521 2563 viribus
1555 2524 1761 2574 explebat.

203 2599 313 2645 Pius,
348 2599 510 2645 doctus,
536 2598 739 2649 prudens;
774 2598 827 2636 ad
861 2597 940 2636 hoc
973 2597 1168 2643 urbanus,
1193 2596 1413 2647 benignus,
1438 2610 1485 2634 ac
1508 2602 1763 2641 mansuetus,

201 2670 328 2709 animi
361 2669 486 2708 etiam
520 2669 775 2708 demissione
807 2668 967 2708 enituit.
1004 2669 1271 2719 Quamquam
1304 2667 1414 2705 enim
1447 2675 1535 2705 erat
1567 2674 1766 2717 quattuor

201 2749 395 2780 votorum
443 2740 668 2791 professus,
718 2748 758 2779 et
800 2753 899 2778 suae
947 2738 1187 2790 provinciae
1234 2739 1448 2777 consultor
1495 2751 1626 2776 annos
1674 2736 1762 2787 plu-

202 2812 330 2850 rimos
373 2812 518 2857 fuerat,
563 2825 609 2850 ac
651 2819 868 2862 praeterea
913 2810 1102 2849 eiusdem
1145 2809 1384 2861 provinciae
1426 2808 1765 2859 procurationem

200 2882 240 2920 in
273 2882 401 2921 totius
435 2881 609 2921 Ordinis
641 2890 851 2921 conventu
884 2881 1071 2920 Faesulis
1094 2888 1293 2931 gesserat,
1320 2893 1533 2930 nunquam
1557 2887 1695 2917 tamen
1718 2892 1765 2916 se

201 2953 358 2999 extulit,
394 2967 469 2992 nec
501 2966 755 3004 quemquam
790 2952 1005 3003 despectui
1038 2951 1195 2990 habuit.
