1926 3200
1675 259 1718 284 xi

168 356 344 407 quisque
377 356 588 394 dexteram
623 354 711 393 <lari
757 354 942 395 velimus.
993 367 1117 404 quam
1167 362 1248 391 tam
1297 353 1530 402 praeclarae
1580 353 1722 390 matris

168 453 353 484 unquam
389 453 470 476 non
505 437 826 476 meminerimus.

257 524 444 573 Quaeres
477 521 648 559 fortasse
683 534 755 558 cur
797 518 1120 558 commentarios
1159 532 1239 556 non
1288 518 1439 563 italicey
1484 517 1555 556 sed
1600 518 1723 556 latine

167 603 496 654 conscripserim.
533 603 736 653 Equidem
770 602 897 640 latino
931 613 1124 639 sermone
1158 614 1255 637 usus
1289 613 1399 642 sum.
1436 608 1480 638 ut
1516 600 1721 637 sodalium

168 700 355 724 meorum
390 685 542 736 ubique
585 693 786 723 terrarum
831 682 1074 733 (legentium
1114 681 1279 720 utilitati
1324 681 1587 732 potissimum
1632 696 1722 732 pro-

167 769 382 819 spicerem.
420 767 474 805 Hi
517 766 645 811 enim,
691 766 801 804 varia
841 765 919 803 orti
963 764 1147 806 civitate,
1193 764 1378 814 linguam
1422 763 1598 802 italicam
1640 777 1721 801 non

167 865 312 889 omnes
346 849 593 900 intelligunt.
629 848 718 887 Erit
750 848 873 887 etiam
907 861 992 890 cur.
1028 846 1180 885 inscius
1214 855 1451 884 nostrarum
1486 860 1636 888 rerum,
1673 847 1724 883 sa-

166 933 242 972 cile
277 931 448 975 mireris,
484 931 589 969 inter
610 931 774 969 sodales
798 929 1036 981 prswinciae
1066 928 1315 967 taurinensis
1350 929 1391 967 S.
1429 929 1458 966 Ι.
1492 929 1544 966 de
1573 928 1723 979 quibus

169 1016 291 1054 verba
325 1014 412 1057 feci.
449 1014 586 1064 plures
624 1013 806 1064 reperiri,
846 1012 916 1063 qui
957 1012 995 1050 in
1035 1026 1081 1050 ea
1121 1012 1290 1049 minime
1330 1011 1411 1049 sint
1445 1011 1542 1049 nati.
1582 1012 1723 1062 ltaque

168 1098 271 1136 scire
323 1097 461 1139 iuvat,
513 1096 552 1134 in
600 1095 772 1134 eandem
817 1095 1073 1146 provinciam
1122 1108 1231 1132 anno
1288 1105 1591 1134 Mlfficcxxxl.
1641 1108 1725 1144 quo

168 1194 277 1218 anno
311 1194 333 1217 a
368 1178 585 1230 provincia
628 1178 761 1217 italica
803 1178 1000 1216 distracta
1045 1186 1124 1218 est.
1169 1177 1324 1215 multos
1370 1176 1551 1221 sodales,
1587 1176 1724 1226 quiin

167 1261 257 1300 aliis
292 1261 532 1312 regionibus
565 1270 700 1299 ortum
736 1260 977 1301 habuerant.
1013 1259 1243 1309 adscriptos
1273 1273 1382 1300 esse:
1418 1258 1572 1309 quippe
1608 1259 1646 1296 in
1670 1259 1726 1296 di-

168 1344 279 1383 tione
319 1343 534 1382 Sardiniae
572 1343 695 1394 regiS‚
735 1357 859 1393 quam
900 1350 1028 1381 totam
1069 1341 1282 1392 provincia
1327 1341 1575 1380 taurinensis
1618 1356 1727 1379 com-

168 1427 438 1478 plectebatur,
475 1426 553 1464 iam
586 1435 707 1464 antea
739 1433 1011 1467 morarentur,
1048 1425 1112 1462 vel
1147 1424 1201 1462 ibi
1235 1438 1381 1462 eorum
1416 1438 1542 1474 opera
1581 1424 1729 1462 maiori

169 1522 293 1559 quam
327 1508 423 1546 alibi
456 1516 565 1546 esset
597 1507 797 1547 subsidio.

261 1591 352 1629 Pari
376 1590 546 1635 ratione,
566 1591 798 1640 eodemque
822 1590 904 1628 fere
929 1598 1118 1639 tempore
1141 1598 1202 1627 est
1226 1588 1431 1630 eflectum,
1459 1597 1501 1626 ut
1526 1588 1725 1629 nonnulli,

164 1673 239 1724 qui
274 1673 313 1711 in
347 1672 532 1711 eiusdem
566 1672 677 1721 regis
709 1673 867 1711 ditione
891 1672 973 1710 nati
998 1680 1126 1716 erant,
1152 1672 1192 1709 in
1216 1671 1471 1721 provinciam
1497 1685 1724 1712 romanam,

169 1757 233 1794 vel
269 1756 307 1794 in
341 1756 460 1794 aliam
500 1764 806 1806 cooptarentur.
849 1756 1011 1793 Horum
1051 1755 1258 1793 neminem
1304 1764 1528 1805 utcumque
1571 1755 1725 1792 clarum

168 1852 496 1877 commemorare
530 1851 611 1876 non
660 1838 897 1879 debueram,
948 1851 998 1875 ne
1046 1836 1252 1887 quispiam
1303 1837 1402 1874 milii
1451 1846 1723 1879 succenseret.

163 1922 281 1972 quod
315 1920 449 1959 alieno
483 1921 522 1958 in
555 1935 658 1971 agro
691 1929 845 1958 metere
879 1920 1088 1958 auderem.
1123 1920 1179 1958 At
1212 1920 1321 1958 enim
1356 1920 1524 1970 quidam
1549 1921 1726 1965 sodales,

170 2018 348 2055 magnae
382 2003 569 2054 profecto
601 2002 871 2044 auctoritatis,
912 2003 1062 2053 quibus
1106 2003 1308 2041 obsistere
1355 2002 1544 2053 religioni
1589 2003 1725 2046 habui,

170 2100 361 2125 suasores
395 2085 495 2123 mihi
528 2085 705 2126 fuerunt,
742 2094 784 2123 ut
817 2085 960 2123 saltem
997 2085 1133 2126 trium.
1169 2085 1359 2124 videlicet
1388 2085 1536 2123 Aloisii
1573 2086 1727 2123 Mariae

171 2169 334 2214 solarii,
375 2167 522 2206 Aloisii
566 2167 787 2217 Taparellii
830 2167 881 2205 ab
925 2166 1068 2204 Azelio
1110 2175 1151 2205 et
1194 2167 1361 2204 Ioannis
1407 2167 1611 2211 Perronii,
1656 2167 1726 2218 qui

172 2265 254 2290 non
289 2251 422 2289 solum
447 2250 556 2296 clari,
581 2264 724 2288 verum
758 2249 881 2288 etiam
906 2248 1120 2287 clarissimi
1155 2249 1333 2286 habendi
1367 2258 1517 2294 essent,
1543 2250 1726 2300 elogium

171 2342 451 2373 contexerem.
487 2333 655 2370 Illorum
688 2332 827 2382 itaque
861 2331 1062 2370 voluntati
1097 2345 1188 2369 sum
1223 2331 1460 2373 obsecutus.
1498 2331 1552 2370 ita
1576 2340 1726 2374 tamen.

173 2423 217 2453 ut
240 2415 316 2452 hos
349 2429 372 2452 a
404 2413 550 2452 ceteris
573 2427 827 2452 secernerem
853 2422 892 2451 et
915 2422 1030 2451 extra
1054 2412 1255 2455 ordinem,
1282 2413 1320 2450 in
1350 2413 1474 2451 libelli
1501 2414 1726 2463 Parergon.

170 2511 244 2536 seu
268 2496 555 2547 Appendicem
578 2495 857 2538 amandarem.
884 2510 957 2533 nec
990 2495 1209 2545 quisquam
1244 2505 1364 2539 esset,
1400 2496 1499 2546 quin
1534 2496 1611 2535 hoc
1635 2512 1728 2536 con—

173 2580 310 2618 silium
346 2578 466 2630 aequi
500 2579 681 2630 bonique
714 2580 876 2618 faceret.

263 2662 455 2712 Denique
487 2662 538 2700 de
563 2662 713 2701 Carolo
749 2662 1018 2700 Emmanuele
1044 2663 1112 2708 IV,
1148 2662 1364 2700 Sardiniae
1398 2676 1508 2713 rege.
1545 2673 1727 2701 nostram

175 2744 426 2782 Societatem
471 2743 659 2794 ingresso
701 2757 809 2781 anno
853 2755 1087 2786 MDCCCXV.
1123 2752 1175 2786 et,
1211 2744 1341 2782 tribus
1376 2745 1587 2794 religionis
1622 2745 1729 2783 votis

176 2825 438 2876 nuncupatis,
474 2825 557 2863 vita
590 2825 730 2863 functo
762 2839 871 2863 anno
907 2837 1161 2867 MbCCCXlX.
1202 2825 1306 2864 scias
1348 2826 1482 2868 x‘elim.
1518 2827 1629 2864 illum
1664 2827 1732 2864 :ul-
