1926 3200
802 247 853 251 -
896 236 973 271 199
1007 246 1059 250 -

150 336 237 367 tum
272 329 474 379 religione
507 339 546 368 et
579 330 779 372 doctrina,
815 338 900 368 tum
946 329 1132 367 moribus
1165 344 1210 367 ac
1245 344 1418 368 nurnero
1452 343 1709 380 magnopere

149 400 389 438 floruerunt.
427 400 535 439 Hinc
567 400 719 439 sactum
742 409 815 442 est.
842 410 885 439 ut
908 400 1140 450 ephebeum
1167 400 1488 439 Brictinoriense
1510 400 1709 451 ephebeis

151 469 390 520 provinciae
424 471 679 509 Aemilianae
714 471 752 509 in
786 471 1021 521 exemplum
1057 480 1375 521 proponeretur.

242 542 286 578 In
321 541 410 579 aliis
434 542 556 579 rebus
580 542 878 592 compluribus,
904 541 1094 592 quamvis
1118 541 1290 579 minoris
1313 542 1526 587 momenti,
1553 542 1709 592 Bayma

152 611 322 661 ingenio
367 612 406 649 in
455 613 603 650 eodem
649 613 837 662 ephebco
876 611 1015 650 eluxit.
1057 612 1237 650 Tabulas
1280 612 1584 663 geographicas
1622 626 1711 663 per-

151 683 310 733 amplas
358 683 606 733 designavit,
646 692 685 721 et
718 683 885 720 maximi
932 682 1156 720 ambulacri
1206 683 1433 733 parietibus
1480 683 1619 729 affixit,
1655 683 1711 722 ita

151 754 310 792 calamo
343 754 499 797 ductas,
535 762 579 792 ut
612 754 753 791 formis
787 768 962 791 excusae
995 753 1247 792 viderentur.
1276 754 1600 792 Instrumentum
1626 768 1712 792 mu-

151 824 280 862 sicum
316 824 489 862 lamellis
511 824 770 874 crystallinis„
797 824 958 862 adiecto
982 824 1157 874 pectine,
1182 824 1428 867 aedificavit,
1454 825 1567 875 quod
1589 838 1711 863 aures

153 895 255 933 mira
287 895 507 933 dulcedine
535 894 822 945 perfundebat.
850 895 1067 933 Praeterea
1102 895 1378 933 homunculos
1408 895 1628 944 lig-neolos,
1673 909 1712 934 a-

151 965 268 1003 lienis
291 964 429 1003 nervis
462 965 643 1015 desuper
676 966 921 1007 movendos,
956 974 1081 1015 atque
1114 974 1362 1015 apparatum
1396 965 1504 1004 ludis
1537 965 1710 1004 scenicis

151 1036 337 1077 edendis,
372 1036 545 1087 egregio
578 1035 751 1073 artificio
785 1036 1032 1076 elaboravit:
1068 1036 1274 1086 simulque
1295 1036 1535 1074 comoedias
1569 1050 1711 1088 quam-

152 1107 303 1157 plures.
338 1107 391 1144 ad
422 1106 685 1144 alumnorum
720 1120 868 1144 mores,
905 1106 1022 1144 statis
1056 1106 1179 1151 seriis,
1226 1106 1308 1144 risu
1342 1106 1623 1157 castigandos,
1658 1107 1711 1145 fe-

151 1177 257 1216 stive
291 1177 516 1215 admodum
551 1177 809 1227 conscripsit,
845 1192 951 1228 quae
974 1178 1110 1215 adhuc
1133 1177 1245 1224 inibi,
1270 1177 1452 1228 alibique
1485 1186 1581 1216 sunt
1603 1178 1709 1217 usui.

153 1249 230 1286 His
264 1262 390 1299 porro
422 1247 541 1288 ludis.
575 1262 657 1285 non
682 1248 810 1286 modo
834 1262 1044 1286 sacrorum
1069 1248 1235 1289 alumni.
1261 1248 1334 1286 sed
1357 1248 1468 1286 cives
1490 1248 1710 1299 primores,

152 1327 239 1357 tum
274 1319 383 1360 cleri,
419 1328 506 1357 tum
541 1318 698 1369 populi.
734 1318 1057 1369 frequentissimi
1092 1318 1334 1359 intererant:
1369 1319 1712 1370 quandoquidem

154 1391 308 1440 Bayma
341 1390 442 1428 haec
484 1390 623 1428 omnia
667 1391 851 1438 regebat,
894 1399 937 1428 ut
981 1389 1081 1427 nihil
1115 1389 1364 1440 descriptius
1417 1404 1464 1428 ac
1496 1390 1712 1429 venustius

151 1461 237 1498 fieri
271 1470 434 1511 posset,
470 1461 557 1511 ipse
590 1470 728 1499 autem
763 1461 886 1499 etiam
922 1461 959 1498 in
995 1475 1125 1511 parvo
1158 1475 1338 1511 magnus
1371 1462 1606 1500 haberetur.

242 1533 388 1582 Neque
407 1546 505 1570 vero
525 1546 706 1582 unquam
727 1541 916 1582 apertum
941 1546 1023 1570 non
1047 1531 1135 1573 fuit,
1161 1532 1261 1582 quin
1283 1533 1450 1582 Bayma,
1471 1532 1636 1571 tametsi
1660 1532 1713 1571 ad

151 1610 213 1641 tot
232 1603 370 1640 munia
394 1611 574 1641 mentem
603 1603 856 1649 intendebat,
881 1603 1197 1653 cuiusquemodi
1222 1603 1344 1641 officii
1368 1603 1713 1654 diligentissimus

152 1683 272 1715 esset,
308 1684 347 1712 et
381 1687 688 1725 quamcumque
712 1674 967 1724 provinciam
988 1674 1119 1717 iniret,
1145 1675 1317 1713 eandem
1343 1684 1452 1713 recte
1484 1675 1712 1713 admodum

152 1744 470 1782 administraret.
507 1745 643 1795 Quam
668 1745 722 1783 ob
746 1759 844 1787 rem,
879 1745 1099 1783 maximam
1134 1745 1196 1783 sui
1230 1745 1380 1783 famam
1414 1754 1501 1784 tota
1534 1745 1713 1784 Aemilia

152 1815 340 1853 orientali
374 1815 580 1853 excitavit.
618 1816 763 1865 Itaque
786 1815 974 1865 publicae
1003 1815 1304 1866 ephemerides.
1340 1830 1422 1854 non
1455 1817 1590 1854 solum
1624 1816 1713 1855 eius

153 1899 305 1923 nomen
349 1885 587 1928 efferebant,
633 1886 705 1924 sed
748 1886 951 1936 quidquid
986 1886 1081 1925 novi
1116 1886 1155 1924 in
1199 1887 1355 1925 bonum
1389 1887 1565 1937 ephebei
1598 1901 1714 1938 prae·

152 1958 300 1999 stabat.
326 1971 431 2007 quae
457 1957 601 1995 itinera
625 1957 858 2007 arripiebat.
891 1971 963 2007 per
987 1971 1089 2007 quas
1114 1959 1236 1996 urbes
1258 1958 1471 2002 transibat,
1498 1958 1537 1996 in
1560 1959 1713 2009 quibus

151 2029 418 2075 consistebat,
453 2043 536 2079 quo
570 2029 736 2067 demum
781 2029 846 2066 die
889 2029 940 2066 ad
984 2043 1082 2067 suos
1117 2029 1324 2067 rediturus
1356 2038 1456 2081 erat,
1490 2030 1712 2068 enunciare

152 2109 467 2138 consueverant.
507 2100 723 2138 Postremo
758 2112 839 2137 non
874 2099 1182 2145 conticendum,
1228 2099 1413 2138 omnium
1447 2101 1712 2139 alumnorum

152 2169 289 2208 studia
321 2183 415 2207 eum
450 2169 525 2207 sibi
561 2169 615 2207 ita
648 2168 944 2211 conciliavisse,
998 2178 1042 2207 ut
1090 2170 1230 2219 plures
1279 2170 1354 2208 hac
1402 2170 1454 2208 de
1502 2183 1625 2208 causa
1672 2170 1712 2208 in

151 2250 337 2279 nostram
372 2241 622 2279 Societatem
668 2240 844 2288 ingressi
888 2240 982 2285 sint,
1025 2240 1091 2278 alii
1131 2255 1243 2284 vero,
1280 2240 1419 2279 multis
1453 2249 1547 2291 post
1579 2242 1711 2288 annis,

153 2310 193 2348 in
225 2311 395 2360 longam
430 2311 537 2349 viam
572 2325 616 2349 se
648 2311 850 2353 dederint.
888 2312 1024 2362 ipsum
1068 2312 1282 2350 Oceanum
1317 2320 1531 2350 transnare
1564 2312 1711 2362 parati,

153 2390 198 2420 ut
230 2396 324 2420 eum
359 2382 597 2423 inviserent.
633 2383 805 2433 eiusque
838 2382 1141 2420 consuetudine
1174 2383 1313 2420 denuo
1346 2382 1592 2421 fruerentur.

242 2452 337 2502 Qua
369 2461 618 2503 tempestate
652 2453 807 2502 ssayma
841 2451 936 2490 huic
969 2451 1147 2500 collegio
1182 2461 1381 2502 praeerat,
1415 2467 1524 2491 anno
1557 2453 1712 2492 scilicet

153 2535 404 2569 MbCCCLVI,
441 2523 773 2562 Massam-Ducis
806 2524 858 2561 ad
896 2523 1064 2561 comitia
1103 2537 1201 2561 suae
1244 2523 1483 2574 provinciae
1526 2538 1570 2562 se
1617 2538 1712 2563 con-

153 2593 259 2632 tulit.
297 2594 427 2632 Porro
462 2594 513 2631 ab
558 2594 797 2631 Alexandro
844 2594 991 2637 Ponza,
1028 2593 1267 2644 praeposito
1300 2593 1556 2643 provinciali,
1591 2594 1712 2632 inter—

151 2673 323 2715 rogatus
356 2673 430 2707 est.
466 2678 565 2702 num
607 2664 762 2702 tirones
806 2663 1044 2713 provinciae
1087 2664 1139 2702 ad
1183 2663 1380 2714 pietatem
1424 2664 1712 2703 informandos

151 2735 325 2774 libenter
358 2735 599 2785 susciperet.
647 2735 693 2773 Id
739 2734 933 2785 equidem
982 2748 1110 2784 quum
1159 2735 1210 2773 ab
1255 2735 1345 2785 ipso
1391 2736 1546 2785 Bayma
1594 2735 1713 2774 resci-

154 2806 320 2846 vissem,
355 2815 395 2844 et
428 2806 478 2844 de
511 2806 655 2844 eadem
692 2820 734 2843 re
774 2805 1059 2856 praepositum
1104 2805 1400 2856 provincialem
1446 2815 1713 2856 percontatus

153 2890 300 2918 essem,
336 2877 401 2914 hic
435 2877 690 2926 ressmndere
728 2889 811 2914 non
855 2876 1074 2917 dubitavit,
1120 2877 1319 2926 Baymam
1353 2877 1475 2915 talem
1510 2890 1613 2922 esse,
1647 2877 1712 2916 cui
