1926 3200
954 778 1004 815 11.

447 992 762 1042 {OANNES
820 993 1189 1041 ANTONJVS
1246 992 1507 1041 GRAssl

304 1351 369 1378 1R1
393 1338 635 1377 memoriam
658 1337 896 1389 aggredior.
923 1336 995 1388 qui
1018 1337 1070 1375 de
1094 1345 1236 1375 nostra
1269 1335 1477 1375 Societate
1510 1335 1752 1386 plurimum,

332 1411 384 1449 de
409 1409 625 1449 Provincia
647 1422 746 1446 vero
771 1407 1017 1446 Taurinensi
1042 1421 1148 1445 unus
1171 1406 1357 1446 omnium
1382 1405 1559 1444 maxime
1589 1405 1752 1444 meruit.

198 1481 424 1532 Bergomas
457 1480 543 1525 fuit,
580 1488 620 1518 et
658 1479 698 1516 in
731 1479 864 1516 lucem
898 1478 1033 1516 editus
1067 1492 1176 1516 anno
1215 1476 1440 1516 christiano
1480 1487 1752 1521 MDCCLXXV,

196 1551 359 1589 duobus
382 1550 576 1588 nimirum
600 1558 695 1600 post
717 1548 834 1587 annis
857 1549 908 1587 ab
932 1549 1077 1587 eadem
1102 1547 1309 1587 Societate
1333 1548 1480 1586 deleta.
1502 1548 1595 1585 Hoc
1613 1555 1751 1585 tamen

196 1620 231 1659 ei
263 1620 563 1672 impedimento
596 1634 679 1658 non
712 1619 799 1665 fuit,
834 1619 1058 1670 quominus
1091 1620 1143 1657 ab
1176 1617 1457 1657 adolescentia
1489 1631 1579 1656 eam
1613 1617 1754 1655 arctis-

196 1692 297 1730 sime
330 1691 534 1743 diligeret,
569 1700 694 1741 atque
727 1690 766 1728 in
800 1691 986 1733 eandem,
1023 1690 1063 1728 in
1091 1689 1248 1728 ditione
1281 1688 1489 1740 parmensi
1523 1688 1673 1727 iterum
1698 1688 1755 1726 vi-

194 1771 375 1814 gentem,
410 1761 572 1813 ingredi
606 1769 859 1811 properaret.
896 1761 1053 1811 Itaque,
1084 1774 1193 1798 311110
1228 1771 1482 1805 MDCCXCIX,
1519 1759 1751 1798 Colurnum

194 1847 236 1872 se
269 1832 455 1875 contulit,
491 1832 630 1882 ibique
653 1845 676 1869 a
698 1830 932 1869 Venerabili
960 1832 1002 1869 P.
1030 1831 1209 1882 Iosepho
1233 1830 1364 1869 Maria
1389 1829 1650 1881 Pignatellio‚
1679 1828 1749 1879 qui

193 1918 240 1942 ea
272 1911 518 1954 tempestate
552 1902 621 1941 illo
655 1902 695 1939 in
728 1901 886 1952 oppido
920 1901 1103 1940 tironum
1127 1910 1365 1940 nostrorum
1399 1900 1641 1951 magisterio
1666 1899 1753 1937 fun-

192 1975 380 2025 gebatur,
415 1973 714 2012 humanissime
747 1981 945 2022 exceptus
980 1981 1053 2010 est.

281 2046 342 2084 Eo
375 2044 554 2095 auspice,
590 2044 631 2082 in
664 2042 729 2082 via
762 2042 940 2094 pietatis,
974 2042 1053 2081 iam
1079 2042 1174 2080 inde
1206 2056 1228 2080 a
1261 2042 1404 2092 primis
1438 2040 1748 2085 tentaminibus‚

190 2115 434 2167 longissime
457 2114 671 2166 processit.
698 2114 803 2152 Inibi
828 2113 867 2152 in
891 2114 1083 2152 morbum
1108 2112 1401 2164 gravissimum
1425 2120 1486 2150 est
1510 2110 1748 2161 implicitus,

191 2201 275 2238 quo
308 2186 387 2224 iam
422 2186 462 2224 in
495 2200 544 2224 eo
577 2194 675 2229 erat,
711 2194 755 2223 ut
797 2184 880 2223 vita
923 2184 1153 2222 excederet.
1187 2183 1245 2221 At
1286 2196 1396 2227 vero,
1439 2196 1566 2233 quum
1603 2181 1751 2232 1313113-

190 2257 326 2297 tellius
358 2271 452 2295 eum
487 2257 640 2296 Sancto
673 2255 860 2294 Antonio
896 2254 1096 2293 patavino
1138 2253 1269 2291 enixis
1312 2252 1504 2303 precibus
1542 2265 1751 2290 commen-

190 2328 383 2374 (lavisset,
409 2341 492 2379 quo
515 2327 582 2366 (116
605 2327 739 2366 61(16111
766 2328 892 2365 Beato
917 2325 1062 2364 Caeliti
1087 2339 1201 2363 sacra
1230 2323 1430 2363 solemnia
1454 2323 1748 2366 instaurantur,

190 2408 359 2450 repente
391 2399 612 2438 convaluit.
648 2397 891 2437 Sacerdotio
926 2396 1162 2448 insignituS,
1197 2405 1237 2435 et
1270 2395 1447 2434 tirocinii
1481 2394 1649 2433 biennio
1680 2407 1751 2444 po-

191 2471 282 2517 sito,
318 2470 358 2508 in
391 2471 541 2509 Albam
576 2469 770 2508 Russiam
809 2478 871 2507 est
898 2468 1064 2513 accitus,
1102 2477 1145 2506 ut
1180 2467 1218 2505 in
1252 2466 1481 2506 Academia
1516 2464 1748 2503 Polociensi

191 2540 365 2580 mathesi
388 2540 618 2579 sublimiori
642 2553 810 2590 operam
845 2540 974 2578 daret.
1012 2537 1194 2576 Abeunti
1236 2537 1525 2588 Pignatellius:
1561 2552 1581 2571 ‹<
1612 2536 1749 2586 Quam

192 2611 466 2650 remotissime
509 2610 692 2662 quidem,
737 2610 883 2661 inquit,
918 2610 969 2648 ab
1006 2609 1121 2648 Italia
1163 2607 1409 2659 digrederis.
1449 2608 1617 2652 Verum,
1655 2614 1753 2656 post

190 2690 374 2720 nostram
416 2681 666 2721 Societatem
710 2681 864 2731 ubique
908 2689 1110 2719 terrarum
1155 2678 1340 2729 legitime
1383 2677 1628 2723 restitutam,
1670 2677 1751 2714 11116

190 2751 263 2790 tibi
296 2751 617 2802 regrediendum
641 2751 729 2793 erit.
756 2760 799 2790 ut
823 2750 1045 2801 plurimam
1080 2749 1119 2787 in
1153 2749 1241 2788 eius
1275 2748 1543 2787 commodum
1578 2759 1749 2797 operam

192 2821 379 2860 conferas
409 2836 430 2859 ›>
466 2853 472 2859 .
