1926 3200
872 214 1133 250 -240—

216 306 287 356 qui
320 306 371 344 de
405 306 620 357 religione,
655 307 720 345 vel
754 307 805 345 de
838 307 1026 346 moribus
1060 316 1156 346 sunt
1188 308 1334 351 locuti,
1369 322 1512 347 eorum
1546 311 1782 362 praecipue,

213 377 283 428 qui
317 377 425 416 vitae
458 378 675 417 sanctitate
708 378 957 421 enituerunt,
982 387 1023 418 et
1055 379 1095 417 in
1119 378 1324 418 Caelitum
1348 380 1487 418 album
1521 389 1617 419 sunt
1649 382 1777 430 relati,

209 448 356 487 notitia
404 450 534 500 pollet
580 449 882 500 copiosissima.
919 450 1220 488 Recentiorum
1255 459 1506 501 temporum,
1541 460 1666 502 atque
1708 453 1780 492 ho—

209 520 367 559 minum
402 520 585 559 indolem
620 522 742 572 plane
775 522 1033 572 exploratam
1067 523 1205 565 habet,
1242 522 1400 574 quippe
1434 523 1474 561 in
1508 524 1656 563 mediis
1694 539 1782 576 per-

207 591 529 637 turbationibus,
564 605 671 643 quae
714 591 1030 643 rempublicam,
1057 601 1146 631 tum
1181 606 1354 639 sacram,
1381 601 1469 632 tum
1503 593 1666 633 civilem
1691 596 1784 634 sub—

210 670 435 705 verterunt,
471 662 600 700 vitam
633 662 821 713 agitavit.
858 663 1004 713 Itaque
1027 672 1233 714 perpetuo
1257 677 1344 702 rem
1375 678 1492 702 suam
1518 663 1574 703 ita
1602 665 1781 713 conficit,

210 742 254 772 ut
278 747 361 772 non
385 733 524 772 minus
547 733 847 773 sententiarum
887 734 1094 785 gravitate
1127 743 1168 773 et
1196 743 1542 786 argumentorum
1582 736 1781 786 pondere,

211 819 336 855 quam
370 804 517 843 ordine
549 813 589 843 et
623 805 934 856 perspicuitate,
969 814 1066 856 apte
1089 806 1262 844 omnino
1287 815 1328 845 et
1360 805 1594 857 composite
1617 806 1782 854 scribat,

210 875 385 926 eiusque
417 890 546 926 opera
595 890 678 914 11011
712 876 848 914 50111111
881 890 904 914 a
936 875 1084 922 doctis,
1112 876 1185 914 sed
1209 876 1334 915 etiam
1365 877 1416 915 ab
1441 876 1619 916 indoctis
1652 877 1790 916 oculis.

210 946 388 985 libenter
421 947 651 985 admodum
687 956 954 998 usurpentur.
992 948 1170 998 Insuper
1203 947 1409 986 sermonis
1450 948 1708 999 proprietate
1739 963 1788 988 ac

211 1018 359 1060 nitore,
409 1017 510 1068 quin
553 1018 678 1056 etiam
722 1018 950 1069 elegantia,
996 1017 1177 1056 maxime
1215 1027 1278 1057 est
1326 1019 1699 1058 commendandus.
1737 1020 1790 1058 In

211 1103 308 1140 quo,
344 1097 461 1128 tanto
486 1088 643 1127 maiore
668 1103 763 1127 eum
797 1089 1167 1128 commendatione
1200 1089 1377 1140 dignum
1411 1089 1618 1136 existimo,
1654 1090 1783 1140 quod,

212 1160 311 1198 dum
345 1159 526 1198 maxima
554 1159 835 1210 prosequitur,
861 1159 1033 1197 minima
1057 1173 1140 1198 non
1165 1159 1356 1210 negligit.
1384 1160 1445 1198 Ita
1478 1159 1601 1206 enim,
1637 1173 1687 1198 ex
1719 1174 1786 1198 ve-

212 1240 347 1270 terum
387 1231 659 1281 praescripto,
699 1245 722 1268 a
755 1230 1014 1269 Carminatio
1048 1238 1322 1281 praeceptore
1354 1231 1529 1269 edoctus
1561 1238 1662 1268 erat.

304 1301 413 1340 Hinc
432 1310 493 1340 est
519 1301 725 1347 effectum,
752 1310 796 1340 ut
819 1300 967 1339 Franci
992 1315 1132 1351 opera,
1163 1315 1213 1339 eo
1237 1301 1373 1339 adhuc
1396 1300 1505 1347 vivo,
1531 1301 1784 1352 compluries

214 1373 449 1416 ederentur,
485 1380 524 1411 et
558 1373 757 1411 nonnulla
791 1371 830 1409 111
854 1385 1000 1410 01111165
1023 1385 1157 1422 paene
1188 1370 1383 1422 Europae
1406 1385 1633 1418 sermones,
1658 1380 1791 1423 atque

213 1444 337 1483 etiam
373 1444 413 1482 in
446 1443 677 1482 armenium
711 1451 985 1482 verterentur.
1011 1443 1172 1482 Ceteris
1196 1451 1409 1494 praestant
1433 1457 1539 1494 quae
1573 1443 1783 1494 inscripsit

212 1517 405 1567 Risposle
427 1517 628 1566 popolari
655 1516 736 1553 alle
767 1515 993 1552 obbl'exiom'
1012 1513 1092 1564 pia}
1126 1516 1294 1552 comuni
1329 1519 1467 1552 contro
1506 1516 1546 1552 la
1585 1516 1791 1565 η’ίιζξίοηεΔ

219 1612 267 1616 —
303 1588 346 1625 ll
373 1588 735 1638 soprazznatzffczle,
774 1587 880 1623 assia
916 1587 951 1623 le
989 1586 1198 1624 ricalzezze
1241 1587 1435 1624 interiori
1472 1586 1541 1623 del
1574 1585 1788 1624 Cristz'ano-

214 1683 267 1687 -—
302 1659 428 1696 Della
460 1659 672 1696 divozione
703 1659 750 1695 al
780 1658 820 1695 S.
862 1657 995 1696 Cnore
1027 1658 1072 1695 di
1108 1656 1218 1695 Gesl'c
1251 1670 1271 1694 e
1303 1658 1404 1695 delle
1435 1670 1507 1695 sue
1548 1658 1778 1695 eccellenze.

215 1731 331 1768 Haec
364 1730 509 1768 eadem
544 1738 652 1774 sunt,
687 1742 793 1780 quae
828 1729 867 1766 in
902 1728 1035 1767 maius
1070 1728 1285 1779 religionis
1309 1728 1466 1766 bonum
1500 1741 1674 1773 cessere,
1699 1741 1781 1766 11011

212 1802 348 1840 50111111
383 1802 495 1852 apud
529 1800 720 1839 homines
755 1800 925 1851 ignaros
959 1814 1006 1838 ac
1039 1800 1177 1843 rudes,
1213 1799 1286 1838 sed
1329 1799 1453 1838 etiam
1487 1799 1600 1850 apud
1637 1799 1784 1838 doctos

211 1880 251 1911 et
283 1886 552 1922 summopere
585 1873 786 1910 excultos.
824 1872 915 1910 Hos
949 1871 1056 1910 inter
1078 1870 1237 1909 exstitit
1271 1871 1480 1916 sacerdos,
1507 1870 1670 1921 magnis
1694 1883 1782 1921 per-

211 1943 376 1981 functus
410 1943 654 1984 honoribus,
691 1942 761 1993 qui
795 1956 890 1980 cum
925 1942 965 1979 in
999 1955 1049 1979 eo
1083 1949 1206 1987 esset,
1233 1949 1278 1979 ut
1311 1955 1333 1979 a
1366 1940 1446 1979 fide
1480 1940 1685 1979 catholica
1717 1940 1785 1978 de-

212 2014 418 2059 scisceret,
454 2023 493 2052 et
527 2013 755 2052 eorundem
806 2026 980 2063 operum
1031 2011 1213 2062 primum
1264 2011 1524 2062 perlegisset,
1574 2019 1688 2049 tanta
1735 2024 1785 2048 ex

214 2085 445 2136 improviso
478 2084 664 2123 veritatis
699 2085 789 2122 luce
822 2093 883 2122 est
918 2083 1125 2134 perfusus,
1161 2092 1206 2121 ut
1238 2083 1289 2121 ab
1334 2082 1437 2121 inito
1476 2081 1695 2133 proposito
1728 2080 1786 2119 di-

213 2156 418 2201 scesserit,
453 2164 493 2194 et
527 2164 674 2206 postea
709 2154 748 2192 in
782 2155 918 2205 prisca
953 2154 1033 2192 fide
1077 2153 1313 2192 firmissime
1357 2152 1644 2204 permanserit.
1679 2152 1783 2190 Item

211 2227 380 2278 quidam
415 2226 601 2265 medicae
635 2225 734 2264 artis
768 2226 930 2271 doctor,
966 2238 1095 2275 quum
1130 2238 1236 2275 opus
1271 2225 1445 2262 alterum
1487 2223 1617 2261 oculis
1651 2221 1784 2272 perlu-

211 2307 393 2339 strasset.
430 2312 581 2348 magna
614 2297 889 2335 admiratione
923 2296 1139 2347 perculsus
1187 2295 1350 2333 animae
1393 2308 1492 2332 suae
1536 2292 1657 2331 saluti
1691 2305 1781 2342 pro-

212 2368 371 2418 spicere
405 2368 560 2410 statuit,
596 2376 721 2418 atque
754 2368 806 2405 ad
840 2367 1087 2417 religionem
1122 2374 1257 2404 totum
1294 2379 1338 2403 se
1371 2364 1560 2403 contulit.

303 2439 407 2477 Illud
431 2438 611 2489 denique
636 2452 718 2476 11011
742 2437 1035 2476 conticeudum
1060 2436 1208 2474 Franci
1232 2435 1431 2486 pietatem
1457 2449 1503 2473 ac
1536 2433 1780 2478 doctrinam,

212 2523 295 2548 11011
325 2509 461 2547 minus
485 2509 645 2551 litteris,
675 2522 779 2560 quas
807 2509 859 2546 ad
879 2507 1064 2558 privatos
1093 2507 1230 2552 dabat,
1263 2514 1307 2544 ut
1330 2519 1401 2543 eos
1430 2505 1483 2543 ad
1511 2504 1707 2543 virtutem
1726 2502 1783 2540 in-

213 2580 412 2623 stitueret,
428 2594 553 2630 quam
573 2579 771 2630 operibus
785 2578 992 2629 evulgatis
1006 2578 1142 2628 palam
1162 2576 1262 2615 fieri.
1279 2576 1546 2626 Quamquam
1559 2588 1659 2613 vero
1677 2581 1782 2611 utra-

212 2664 292 2694 ‹1ue
311 2660 424 2688 tanta
443 2650 529 2692 suit,
551 2659 595 2688 ut
615 2650 721 2688 inter
739 2649 850 2687 viros
870 2648 1130 2699 praecipuos.
1152 2647 1235 2698 qui,
1262 2654 1449 2685 vertente
1473 2644 1637 2683 saeculo
1660 2642 1777 2688 XIX,

214 2720 252 2757 in
302 2721 445 2761 rebus,
496 2729 583 2758 tum
633 2719 864 2761 litterariis,
905 2728 993 2757 tum
1036 2716 1244 2768 religiosis
1289 2716 1535 2760 floruerunt,
1585 2713 1779 2752 adnume-

213 2800 325 2829 ratus
359 2791 421 2829 sit.
459 2790 779 2841 Quamplurima
812 2791 863 2828 (16
897 2790 972 2828 hac
1006 2788 1205 2839 opinione
1250 2786 1488 2826 testimonia
1522 2785 1562 2823 in
1596 2782 1778 2822 medium

215 2862 445 2910 producere
480 2875 664 2911 possum.
690 2861 758 2903 At,
785 2860 1002 2898 brevitatis
1025 2873 1160 2904 causa,
1187 2857 1353 2909 potiora
1377 2854 1668 2895 tantummodo
1691 2865 1791 2904 pro—
