1926 3200
836 237 1067 272 ,29-

162 344 276 369 sores
309 331 508 371 librorum
542 333 800 371 edendorum
844 339 905 370 est
950 330 1145 368 adscitus.
1191 329 1390 368 Triennio
1434 330 1509 368 hac
1544 329 1582 367 in
1621 329 1723 367 urbe

161 401 423 447 circumacto,
444 404 634 443 Genuam
654 412 715 442 est
733 416 959 453 regressus,
981 410 1025 440 ut
1043 409 1274 439 memorato
1294 400 1485 451 Collegio
1503 400 1721 439 Albertino

164 473 317 511 Rector
364 483 584 524 praeesset,
636 474 775 524 ibique
825 482 906 512 tres
953 471 1129 523 amplius
1172 486 1302 509 annos
1336 471 1481 522 optimi
1518 470 1722 509 Praesidis

161 552 298 594 partes
331 545 542 583 cumulate
590 544 782 595 explevit.
829 543 1049 581 Librorum
1084 542 1207 581 etiam
1241 556 1387 580 censor
1426 543 1476 580 ab
1510 541 1723 591 Archiepi-

163 628 292 665 scopo
325 615 446 653 huius
484 616 596 653 urbis
635 624 695 654 est
735 615 1009 653 renunciatus.
1055 615 1111 652 At
1155 628 1253 651 vero
1287 622 1476 664 tempora
1514 612 1723 652 teterrima

162 685 496 724 intercesserunt.
533 687 640 724 Nam
675 699 782 723 anno
818 696 1140 729 MDCCCXLVIH,
1176 685 1226 722 ab
1260 684 1497 722 hominibus
1536 683 1722 734 perduel-

163 756 280 801 libus,
315 765 355 794 et
389 756 579 808 religioni
614 756 896 807 iniquissimis.
932 765 1019 794 tota
1043 756 1171 801 Italia,
1196 769 1242 794 ac
1270 755 1512 806 praesertim
1537 755 1720 800 Genuae,

163 827 202 865 in
237 837 402 866 nostros
435 828 598 867 sodales
637 828 766 866 factus
799 836 861 866 est
895 828 1085 878 impetus.
1133 827 1278 877 ltaque
1317 826 1606 870 Carminatius‚
1643 839 1723 863 una

163 912 255 937 cum
290 897 373 936 suis
407 898 501 936 hinc
543 898 743 936 excedere
776 907 837 936 est
870 906 1037 936 coactus
1076 897 1181 935 adeo
1221 897 1449 947 inopinato,
1491 905 1534 934 ut
1568 910 1617 934 ne
1650 909 1723 933 sua

164 968 332 1019 quidem
365 968 517 1019 scripta
551 982 690 1007 secum
725 978 938 1019 asportare
972 969 1182 1019 integrum
1222 967 1278 1005 illi
1316 967 1449 1006 fuerit.
1490 967 1583 1005 Alia
1615 980 1724 1005 com-

164 1039 282 1090 plura
314 1048 400 1077 tum
435 1039 636 1089 temporis
669 1049 730 1078 est
763 1053 921 1090 passus,
958 1052 1063 1089 quae
1095 1037 1191 1076 alibi
1225 1051 1415 1076 enarrare
1449 1046 1510 1076 est
1543 1037 1717 1082 animus,

163 1109 505 1160 quandoquidem
554 1124 601 1148 ea
645 1110 684 1148 in
733 1123 928 1160 praesens
963 1108 1168 1160 persequi,
1204 1122 1338 1159 genus
1371 1108 1598 1159 scripturae
1631 1121 1724 1158 pro-

163 1180 279 1218 hibet
313 1182 388 1230 (3).

253 1252 372 1289 Hanc
405 1251 603 1290 iacturam
628 1251 905 1290 Carminatius
929 1251 1197 1290 vehementer
1230 1251 1419 1289 indoluit.
1457 1249 1720 1295 Placentiam,

163 1321 256 1360 dein
293 1323 546 1372 Bergomum
579 1322 691 1372 apud
724 1336 820 1360 suos
854 1322 1041 1369 divertit3
1075 1330 1116 1360 et
1148 1321 1211 1360 his
1245 1321 1284 1360 in
1318 1321 1489 1360 urbibus
1522 1329 1655 1360 totum
1680 1334 1723 1359 se

163 1393 392 1431 animarum
426 1393 546 1431 saluti
581 1394 785 1432 curandae
828 1393 1010 1432 devovit.
1057 1393 1224 1444 Quippe
1268 1406 1351 1431 non
1386 1393 1521 1431 minus
1553 1393 1719 1443 pietate,

163 1477 287 1514 quam
320 1464 509 1502 doctrina
541 1464 789 1514 praestabat,
825 1473 865 1503 et
899 1465 938 1502 in
973 1464 1172 1515 collegiis,
1203 1463 1354 1514 quibus
1384 1472 1504 1502 antea
1532 1463 1721 1514 praefuit,

162 1534 255 1573 licet
278 1543 340 1574 tot
362 1535 469 1574 curis
492 1535 707 1581 distentus,
733 1536 784 1574 ad
809 1536 887 1574 hoc
910 1536 1033 1574 etiam
1058 1549 1208 1573 munus
1232 1535 1490 1573 sanctissime
1523 1534 1720 1573 incubuit.

165 1607 350 1644 Exeunte
383 1620 490 1644 anno
524 1618 809 1651 MDCCCXLIX,
856 1607 1034 1645 Romam
1080 1605 1320 1651 accersitus,
1367 1605 1471 1644 Iuris
1516 1605 1724 1644 Ecclesiae

164 1675 446 1715 institutiones
480 1676 519 1714 in
555 1677 718 1727 Lycaeo
752 1677 1014 1728 Gregoriano
1054 1678 1217 1716 tradere
1250 1677 1399 1727 coepit.
1446 1676 1571 1727 Quod
1604 1690 1651 1714 ea
1684 1676 1723 1714 in

164 1745 265 1782 urbe
298 1744 436 1782 minus
479 1744 699 1783 commoda
731 1745 969 1783 valetudine
1013 1746 1217 1791 utebatur,
1263 1744 1446 1795 Regium
1491 1744 1637 1795 Lepidi
1680 1757 1723 1782 se

162 1814 362 1860 contulit,
410 1823 453 1853 ut
501 1814 540 1852 in
589 1824 732 1853 nostro
781 1815 958 1865 collegio
1008 1829 1165 1854 sacram
1224 1814 1481 1865 theologiam
1540 1815 1720 1853 doceret.

163 1886 304 1936 Quum
339 1899 411 1923 sex
443 1899 606 1924 menses
640 1885 694 1923 ibi
728 1887 948 1937 exegisset,
985 1886 1048 1924 vel
1083 1887 1136 1925 ob
1169 1886 1349 1936 pectoris
1384 1886 1720 1926 imbecillitatem.

163 1970 244 2006 qua
277 1956 328 1994 ab
361 1955 638 1994 adolescentia
671 1956 895 1999 laborabat,
932 1957 995 1995 vel
1021 1958 1074 1995 ob
1096 1956 1221 1994 animi
1254 1956 1571 2007 aegritudinem,
1597 1969 1721 2006 quam

163 2026 202 2064 in
235 2035 348 2065 tanta
381 2040 517 2064 rerum
541 2027 797 2077 publicarum
823 2027 1111 2066 immutatione
1142 2036 1403 2077 conceperat,
1438 2026 1622 2065 violento
1652 2026 1722 2063 im-

161 2097 325 2147 plicitus
343 2097 504 2139 morbo,
525 2097 634 2135 diem
653 2106 896 2141 extremum,
918 2098 1053 2136 adhuc
1072 2097 1189 2136 firma
1207 2106 1353 2143 aetate,
1379 2097 1566 2141 confecit,
1592 2111 1722 2135 annos

161 2176 281 2206 natus
316 2167 509 2206 nimirum
544 2177 626 2206 tres
660 2178 699 2207 et
733 2168 1050 2220 quinquaginta.

247 2238 321 2276 Vir
352 2238 427 2276 fuit
450 2238 752 2277 eruditissimus
782 2239 917 2283 latine,
945 2239 1090 2281 italice,
1116 2252 1264 2289 graece
1288 2246 1329 2276 et
1361 2238 1564 2277 hebraice.
1591 2238 1723 2276 Multa

159 2309 211 2347 de
245 2323 287 2347 re
320 2309 569 2360 theologica,
604 2310 906 2360 philosophica,
943 2310 1150 2356 historica,
1191 2318 1231 2348 et
1265 2309 1464 2348 litteraria
1496 2309 1719 2360 evulgavit,

155 2393 334 2430 quorum
368 2380 433 2419 hic
465 2380 708 2419 subiicimus
741 2381 944 2420 ordinem.
