1926 3200
863 274 1055 309 —6-

183 378 358 417 nuncius
390 378 596 424 adfertur,
642 378 976 429 Quinqueviros,
1012 378 1083 429 qui
1122 378 1280 417 Galliae
1318 387 1557 429 praeerant,
1593 379 1744 430 legatis

181 449 490 488 taurinensibus
524 463 656 499 nuper
689 449 964 495 mandavisse,
999 457 1044 488 ut
1071 462 1214 500 regem
1247 463 1341 488 cum
1376 449 1492 500 regia
1524 449 1677 488 familia
1701 450 1741 488 in

181 520 359 560 Galliam
392 521 686 559 deducendum
719 528 922 566 curarent,
958 519 1028 559 ubi
1062 520 1220 559 obsidis
1252 520 1358 566 loco,
1395 520 1436 558 in
1470 520 1635 571 publica
1677 535 1743 560 cu-

179 591 315 631 stodia
347 591 615 630 detineretur.
652 591 747 642 Qua
769 605 812 629 re
834 590 988 637 audita,
1014 605 1085 629 rex
1112 591 1433 630 innumerabiles
1469 592 1561 631 Deo
1584 591 1740 643 gratias

180 663 280 714 egit,
315 663 442 714 quod,
478 662 644 709 inscius,
680 676 703 701 a
735 670 852 701 tanto
885 662 1124 701 discrimine
1147 662 1365 701 incolumis
1399 662 1611 701 evasisset.
1648 663 1743 702 Ete-

179 733 264 772 nim
297 733 425 785 aliqui
458 733 761 780 existimabant,
787 732 865 772 nisi
890 733 1064 772 Carolus
1089 734 1346 779 Emmanuel,
1374 733 1550 784 eiusque
1574 733 1737 780 coniux,

183 804 387 844 Ludovici
420 804 535 851 XVI,
571 804 729 844 Galliae
777 804 900 856 regis,
951 818 1081 850 soror,
1131 804 1211 842 iam
1245 818 1266 843 e
1299 804 1384 843 suis
1423 804 1574 843 finibus
1608 818 1745 843 exces-

180 876 343 922 sissent,
384 875 527 914 Gallos
560 875 847 914 acerbissimas
880 875 932 914 de
965 883 1143 926 utroque
1175 889 1330 926 poenas
1364 884 1561 927 capturos
1595 875 1742 923 fuisse;

180 947 524 998 quandoquidem
559 947 611 986 de
644 946 736 998 ipso
769 960 868 998 rege
901 946 1129 993 Ludovico,
1165 946 1351 985 omnium
1381 946 1616 993 mitissimo,
1648 960 1744 998 sup-

179 1018 348 1069 plicium
397 1018 731 1057 crudelissimum
780 1017 1027 1069 iampridem
1075 1031 1239 1056 sumere
1285 1032 1368 1057 non
1410 1017 1741 1065 dubitavissent,

177 1103 308 1141 quum
341 1103 437 1128 eum
470 1089 626 1128 scilicet
659 1089 699 1127 in
732 1089 872 1128 medio
897 1089 1149 1128 Parisiorum
1176 1089 1278 1135 soro,
1313 1089 1476 1128 civibus
1511 1088 1743 1140 inspectan-

177 1161 300 1207 tibus,
337 1160 506 1199 insando
539 1174 655 1207 ausu,
691 1168 824 1199 morte
858 1160 1098 1199 multarunt.

268 1232 397 1283 Apud
447 1232 609 1270 Ducem
656 1245 919 1282 parmensem
968 1231 1137 1282 paulum
1181 1239 1379 1277 moratus,
1433 1231 1607 1270 Carolus
1647 1231 1743 1269 Em-

178 1303 343 1342 manuel
378 1303 633 1342 Florentiam
666 1302 859 1354 perrexit,
895 1302 1035 1354 ibique
1066 1316 1089 1341 a
1122 1302 1280 1354 Magno
1315 1303 1432 1341 Duce
1469 1301 1659 1341 Etruriae
1683 1316 1742 1341 re-

174 1374 297 1426 gifice
319 1383 529 1426 exceptus,
556 1388 685 1425 quum
709 1374 955 1420 rescivisset,
982 1373 1101 1412 Pium
1121 1374 1192 1421 VI,
1217 1373 1461 1413 Pontificem
1489 1373 1734 1420 Maximum,

176 1446 392 1485 Gallorum
415 1445 639 1496 captivum,
666 1445 707 1484 in
731 1445 975 1485 Carthusiae
997 1445 1200 1484 coenobio
1223 1459 1306 1484 non
1330 1445 1457 1496 longe
1486 1444 1736 1491 constitisse,

176 1525 221 1556 ut
253 1516 403 1556 exinde
437 1517 477 1555 in
511 1517 688 1556 Galliam
722 1517 1010 1563 deduceretur,
1035 1515 1091 1554 nil
1124 1516 1335 1567 antiquius
1359 1515 1515 1562 habuit,
1541 1530 1666 1567 quam
1696 1524 1741 1555 ut

176 1602 257 1627 una
289 1602 383 1627 cum
417 1588 597 1640 coniuge
629 1602 723 1627 eum
757 1588 967 1638 extemplo
1006 1587 1213 1626 inviseret.
1258 1587 1328 1626 Ad
1375 1601 1499 1638 quem
1548 1601 1642 1626 cum
1675 1601 1741 1625 ve-

174 1659 315 1706 nisset,
351 1660 404 1698 ad
437 1659 525 1698 eius
558 1660 686 1711 pedes
720 1673 763 1698 se
796 1658 957 1704 abiecit,
992 1672 1149 1709 eosque
1191 1658 1297 1697 flens
1347 1658 1578 1697 osculatus:
1630 1672 1652 1696 «
1686 1659 1741 1696 A·

174 1730 288 1769 missi
322 1730 462 1782 regni,
513 1730 667 1782 inquit,
721 1729 964 1769 Beatissime
999 1730 1144 1776 Pater,
1186 1728 1266 1767 iam
1315 1743 1381 1767 me
1414 1743 1497 1768 non
1530 1728 1740 1780 poenitet,

174 1809 396 1852 propterea
429 1800 526 1852 quia
549 1801 601 1840 ad
634 1809 728 1840 tuos
762 1801 890 1851 pedes
918 1800 1153 1851 provoluto,
1190 1800 1305 1850 quod
1341 1799 1521 1838 maxime
1555 1799 1595 1837 in
1628 1799 1736 1838 votis

173 1872 311 1918 habui,
367 1872 446 1911 hoc
494 1872 619 1911 hodie
667 1871 767 1910 mihi
816 1871 1051 1910 felicissime
1099 1870 1278 1922 contigit
1305 1885 1357 1909 ›>.
1409 1870 1486 1909 Cui
1531 1870 1733 1918 Pontifex,

170 1943 332 1982 coelum
367 1943 563 1982 intuitus:
601 1958 622 1981 «
657 1944 793 1982 Macte
826 1942 987 1989 animis,
1023 1941 1176 1993 inquit;
1212 1941 1293 1980 illic
1327 1955 1507 1980 coronae
1541 1955 1616 1980 nos
1656 1955 1739 1980 ma-

172 2022 283 2060 nent,
324 2028 427 2065 quas
472 2028 595 2053 nemo
627 2013 844 2053 hominum
883 2021 1028 2052 nostro
1075 2012 1199 2064 capiti
1238 2012 1522 2051 invidebit».
1574 2011 1738 2062 Quibus

171 2086 294 2124 rebus
327 2085 438 2132 visis,
473 2094 598 2137 atque
631 2085 796 2132 auditis,
848 2084 1060 2124 Pontificis
1103 2083 1288 2129 comites,
1326 2097 1372 2122 ac
1406 2083 1560 2129 famuli,
1596 2082 1666 2128 qui
1700 2097 1739 2121 a-

169 2157 328 2203 derant,
363 2171 386 2195 a
418 2156 597 2195 lacrimis
631 2165 864 2207 temperare
898 2155 1067 2194 minime
1100 2162 1343 2206 potuerunt.
1380 2154 1597 2193 Gallorum
1636 2167 1738 2192 vero

166 2227 377 2274 satellites,
413 2228 483 2279 qui
519 2227 763 2266 Pontificem
787 2226 1158 2272 circumsistebant,
1184 2225 1306 2264 insita
1328 2224 1549 2263 ferocitate
1583 2224 1732 2275 posita,

169 2299 389 2351 religiosos
422 2299 548 2338 animi
582 2308 721 2338 motus
744 2298 938 2338 cohibere
961 2298 1112 2337 frustra
1134 2305 1231 2336 sunt
1263 2296 1416 2336 conati.
1452 2296 1640 2336 Subinde
1663 2310 1734 2335 rex

169 2371 348 2409 eundem
374 2370 616 2409 Pontificem
641 2369 795 2421 pluries
818 2378 881 2408 est
902 2369 1156 2414 cohortatus,
1177 2376 1222 2406 ut
1244 2381 1387 2406 secum
1415 2367 1455 2405 in
1480 2366 1731 2413 Sardiniam,

169 2441 209 2479 in
244 2441 380 2492 regias
413 2441 537 2480 aedes
570 2455 614 2479 se
647 2440 861 2491 reciperet.
888 2439 965 2479 Cui
989 2439 1022 2477 is
1045 2438 1112 2485 ait,
1149 2438 1291 2478 Gallos
1325 2439 1436 2476 nulla
1468 2451 1643 2489 prorsus
1672 2452 1732 2476 ra-

169 2511 282 2550 tione
314 2512 535 2550 Summum
570 2511 813 2550 Pontificem
847 2524 869 2549 e
902 2509 1092 2548 manibus
1121 2508 1386 2554 dimissuros;
1411 2516 1559 2559 utpote
1583 2508 1654 2559 qui
1678 2508 1731 2547 de

169 2582 356 2633 captivo,
392 2582 583 2633 quamvis
626 2595 753 2633 aegro
801 2590 842 2620 et
888 2594 1004 2626 sene,
1040 2579 1167 2618 veluti
1200 2579 1252 2618 de
1292 2579 1505 2630 triumpho
1544 2578 1731 2618 omnium

168 2653 361 2697 maximo,
405 2653 671 2704 potissimum
715 2652 1006 2704 gloriarentur.
1043 2651 1108 2689 De
1151 2664 1195 2689 se
1228 2650 1308 2689 iam
1347 2659 1485 2689 actum
1519 2663 1621 2697 esse,
1657 2663 1733 2688 nec

167 2724 244 2763 sibi
278 2724 509 2775 quidquam
542 2724 654 2762 aliud
677 2736 908 2774 superesse,
939 2736 1064 2773 quam
1088 2730 1278 2767 mortem,
1313 2721 1519 2760 malorum
1542 2720 1729 2759 omnium

166 2803 411 2840 extremum,
456 2794 618 2833 fortiter
641 2803 853 2845 oppetere.
890 2792 1084 2843 Denique
1116 2806 1188 2830 rex
1219 2806 1241 2830 a
1275 2791 1521 2831 Carthusiae
1544 2791 1731 2830 antistite

166 2874 352 2916 rogatus,
387 2864 446 2904 uti
479 2864 725 2915 amplissimi
759 2863 962 2909 coenobii,
987 2877 1033 2902 ac
1062 2862 1169 2901 fama
1202 2862 1421 2908 notissimi,
1458 2870 1730 2901 monumenta

168 2936 345 2975 invisere
377 2936 518 2975 vellet:
556 2952 578 2973 «
615 2936 721 2982 Huc,
757 2934 903 2986 inquit,
938 2933 1113 2980 accessi,
1149 2942 1194 2972 ut
1227 2933 1306 2972 Dei
1339 2933 1550 2972 Vicarium
1590 2946 1730 2971 coram
