1926 3200
932 799 1003 836 IX.

581 1001 1067 1052 FERDINANDVS
1116 1004 1340 1052 ΜΙΝΙΝΙ

281 1364 550 1392 LACENTIAM
585 1354 760 1405 patriam
785 1355 929 1394 habuit
948 1358 1025 1407 (Ι),
1050 1370 1159 1394 anno
1183 1370 1205 1394 a
1230 1357 1322 1394 Iesu
1357 1365 1454 1395 nato
1488 1368 1742 1396 MDCCXCVI.

306 1423 561 1463 Vicesimum
615 1425 761 1464 aetatis
813 1440 966 1464 annum
1012 1441 1140 1477 quum
1184 1427 1414 1476 attigisset,
1460 1436 1626 1466 nostrae
1670 1428 1744 1467 So-

181 1495 317 1533 cietati
350 1508 393 1533 se
426 1495 626 1546 applicuit
674 1496 857 1543 Genuae,
908 1497 1047 1548 ibique
1090 1497 1326 1537 tirocinium
1375 1498 1540 1548 pietatis
1588 1498 1741 1549 posuit.

182 1565 307 1604 Anno
341 1577 576 1613 MDCCCXX,
613 1567 832 1614 Novariae‚
860 1568 899 1606 in
923 1568 1101 1619 collegio
1131 1569 1359 1608 Gallarinio
1392 1569 1639 1608 rhetoricam
1666 1577 1745 1608 tra-

183 1637 311 1684 didit;
346 1647 387 1677 et
419 1638 459 1676 in
492 1647 579 1677 arte
612 1639 787 1689 poetica,
822 1653 947 1690 quam
972 1641 1102 1690 probe
1125 1640 1312 1686 callebat,
1343 1640 1561 1691 egregium
1586 1640 1742 1691 ingenii

183 1708 411 1758 periculum
445 1709 552 1748 fecit.
593 1710 698 1748 Inibi
737 1710 987 1761 discipulum
1026 1711 1170 1750 habuit
1209 1711 1434 1762 Iosephum
1473 1711 1740 1762 Regaldfflm,

183 1778 266 1829 qui,
302 1778 341 1817 in
375 1779 625 1818 carminibus
659 1780 804 1819 italicis
838 1795 888 1819 ex
921 1790 1109 1832 tempore
1142 1782 1376 1829 fundendis,
1411 1796 1504 1820 cum
1539 1782 1630 1833 ipso
1669 1782 1745 1820 Mi-

184 1850 297 1889 ninio
329 1860 600 1901 praeceptore
633 1865 934 1902 saepenumero
978 1853 1171 1899 certavit;
1206 1867 1340 1904 eoque
1373 1854 1491 1899 duce,
1527 1862 1743 1904 tantopere

183 1921 258 1959 hac
292 1921 331 1959 in
380 1930 466 1960 arte
514 1923 700 1973 profecit,
739 1931 782 1962 ut
814 1923 1011 1974 deinceps
1054 1924 1326 1962 clarissimum
1360 1924 1438 1962 sibi
1472 1938 1623 1963 nomen
1655 1932 1745 1963 tota

182 1991 299 2030 Italia
321 1993 636 2043 comparaverit.
663 1994 823 2032 Eodem
843 1994 882 2032 in
901 1994 1080 2045 collegio
1105 1994 1315 2040 Mininius,
1341 2009 1421 2033 una
1439 2009 1531 2033 cum
1558 1995 1600 2033 P.
1628 1995 1743 2033 Pian-

180 2062 326 2109 cianio,
352 2064 562 2114 specimen
585 2064 866 2103 academicum
901 2064 1099 2111 exhibuit,
1125 2079 1208 2116 quo
1237 2065 1324 2104 eius
1349 2065 1539 2116 discipuli
1569 2066 1743 2103 summis

183 2135 374 2173 laudibus
397 2144 492 2174 sunt
510 2135 719 2186 prosecuti
744 2150 886 2174 recens
906 2136 1007 2174 illud
1032 2136 1259 2182 inventum,
1284 2136 1400 2174 cuius
1433 2150 1560 2186 opera
1582 2150 1739 2182 currus,

182 2220 316 2258 aqueo
340 2220 496 2257 vapore
519 2206 611 2253 acti,
637 2207 703 2245 via
726 2206 867 2245 ferreis
891 2207 1036 2245 axibus
1060 2214 1199 2253 strata,
1225 2207 1437 2245 celerrime
1460 2207 1740 2257 impelluntur.

183 2277 308 2328 Quod
340 2277 551 2328 specimen
590 2286 736 2328 postea
770 2277 1015 2316 Franciscus
1056 2277 1232 2316 Pellicus
1264 2277 1484 2316 Vincentio
1524 2277 1742 2317 Giobertio

183 2357 494 2399 peropportune
537 2348 892 2395 commemoravit,
939 2357 984 2387 ut
1021 2349 1273 2394 ostenderet,
1317 2356 1483 2387 nostrae
1521 2348 1742 2387 Societatis

181 2420 369 2458 alumnos
401 2420 677 2458 recentiorum
712 2419 889 2458 inventis
924 2419 1164 2470 neutiquam
1197 2419 1406 2457 adversari
1426 2420 1503 2470 (2).

270 2490 468 2528 Mininius
493 2490 677 2529 Novaria
709 2490 937 2528 Taurinum
971 2490 1161 2535 decessit,
1196 2498 1242 2528 ut
1273 2489 1447 2528 eandem
1480 2489 1740 2540 disciplinam

184 2561 223 2599 in
256 2561 657 2612 collegio-convictu,
684 2562 747 2599 cui
772 2575 923 2599 nomen
947 2575 970 2599 a
994 2561 1198 2606 Carmelo,
1224 2560 1501 2610 profiteretur.
1526 2561 1620 2599 Hoc
1649 2560 1741 2598 loco

184 2631 381 2671 nonnulla
403 2645 540 2670 rerum
564 2632 759 2671 adiuncta
782 2640 964 2682 praestat
983 2632 1260 2681 interponere,
1286 2645 1391 2681 quae
1410 2630 1571 2669 Mininii
1590 2630 1741 2669 famam

183 2704 233 2741 ab
267 2703 356 2753 ipsa
387 2703 667 2742 adolescentia
709 2703 1036 2741 cumulaverunt.
1078 2703 1156 2740 Per
1189 2701 1230 2740 id
1263 2702 1528 2753 potissimum
1561 2710 1738 2752 tempus,

183 2774 223 2811 in
257 2773 470 2825 regionem
503 2774 762 2824 subalpinam
796 2774 983 2812 rhetores
1015 2773 1173 2824 oppido
1201 2773 1348 2812 delecti
1373 2788 1395 2811 a
1418 2772 1570 2812 nostris
1602 2772 1742 2811 mode-

184 2845 389 2883 ratoribus
422 2845 705 2891 mittebantur,
742 2845 855 2889 Quod
898 2845 1058 2884 litterae
1101 2844 1315 2895 politiores
1348 2844 1428 2883 illic
1461 2844 1500 2882 in
1534 2842 1741 2894 praesenti

1656 2943 1670 2967 5
