1926 3200
831 272 1092 309 -232ffl

176 365 431 407 Mediolano,
466 379 550 416 quo
583 365 860 404 concionandi
894 380 1017 404 causa
1051 367 1289 409 devenerat,
1326 368 1499 407 mentita
1532 377 1648 407 veste
1681 383 1748 407 au-

174 436 295 488 fugit,
330 444 371 475 et
404 436 621 474 Genex'am
654 436 767 486 apud
802 436 1023 475 Helvetios
1056 451 1099 475 se
1130 438 1298 488 recepit.
1335 438 1396 477 Ibi
1436 453 1530 477 cum
1565 440 1748 490 Caspare

176 506 429 552 Mermillod,
464 506 555 545 viro
589 506 920 557 religiosissimo,
956 507 1027 558 qui
1051 507 1127 546 hac
1161 508 1201 545 in
1235 509 1336 547 urbe
1375 510 1577 560 templum
1611 510 1749 548 catho-

172 577 298 616 licum
323 592 345 616 a
368 577 651 616 fundamentis
674 577 939 621 excitaverat.
966 586 1005 616 et
1024 579 1297 628 postmodum
1323 580 1629 619 Lausoniorum
1655 580 1750 631 Epi-

174 662 331 700 scopus
380 658 557 693 creatus,
608 648 704 686 hinc
752 648 977 699 impiorum
1022 650 1400 689 machinationibus
1434 665 1508 702 per
1540 665 1749 689 summum

174 720 291 758 nefas
325 728 366 758 et
399 719 488 770 ipse
522 719 677 757 eiectus
711 728 785 763 est,
811 719 1084 758 arctissimam
1115 721 1461 760 consuetudinem
1486 722 1574 760 iniit
1608 730 1649 760 et
1673 737 1752 761 una

173 805 270 830 cum
320 805 370 829 eo
419 790 662 841 aliquandiu
712 791 877 841 plebem
927 791 1172 830 catholicam
1222 806 1298 843 pro
1332 792 1532 831 concione
1565 793 1666 831 aluit
1699 794 1751 832 ad

174 862 389 901 virtutem.

265 933 391 971 Anno
426 932 620 983 proximo
654 941 855 975 vertente.
892 932 1140 972 Tridentum
1176 934 1216 972 in
1251 935 1447 973 Rhetiam
1481 949 1524 973 se
1563 935 1750 978 contulit,

173 1004 215 1042 in
249 1018 375 1055 quam
409 1003 569 1054 aliquot
605 1003 850 1041 Provinciae
873 1004 1058 1043 Venetae
1082 1005 1259 1049 sodales,
1285 1006 1336 1043 ab
1362 1006 1551 1044 Insubria
1574 1006 1749 1056 expulsi,

172 1090 218 1114 se
252 1085 509 1127 receperant.
536 1075 690 1114 Divina
719 1090 818 1114 sane
849 1076 1119 1115 Providentia
1157 1086 1219 1115 est
1252 1077 1458 1120 eflectum,
1495 1087 1539 1117 ut
1572 1078 1612 1116 in
1646 1078 1752 1116 hanc

176 1146 393 1198 regionem
428 1146 609 1193 veniret:
660 1146 1004 1198 quandoquidem
1039 1148 1091 1185 ad
1126 1162 1304 1186 messem
1349 1149 1634 1200 evangelicam
1670 1149 1750 1187 iam

172 1226 338 1257 matura
371 1227 493 1257 esset.
529 1218 670 1268 Atque
695 1217 762 1264 ita,
798 1218 912 1269 quod
936 1218 975 1256 in
1010 1232 1127 1257 sacro
1152 1219 1382 1258 ministerio
1405 1220 1517 1270 apud
1551 1220 1750 1259 Etruscos

173 1289 474 1328 detrimentum
508 1298 738 1340 acceperat,
775 1289 890 1328 brevi
925 1298 1020 1340 post
1044 1298 1233 1340 tempore
1256 1291 1369 1341 apud
1403 1291 1564 1329 Rhetos
1598 1291 1750 1329 sarcire

174 1360 366 1400 instituit.
419 1361 565 1411 Itaque
613 1374 706 1398 cum
757 1360 965 1399 nonnullis
1014 1370 1187 1400 venetae
1237 1361 1477 1412 provinciae
1521 1362 1747 1408 sodalibus,

172 1445 282 1482 quos
332 1431 439 1470 inter
486 1431 600 1469 fuere
630 1431 886 1470 Cax‘alierius
931 1441 972 1470 et
1006 1432 1209 1473 Casolius.
1261 1432 1337 1470 viri
1385 1432 1552 1471 divinae
1591 1432 1748 1481 ⁴<gloriae

173 1510 218 1541 et
250 1502 483 1541 animarum
533 1501 678 1540 salutis
726 1501 999 1553 cupidissimi,
1036 1502 1075 1540 in
1109 1503 1235 1541 sacris
1283 1503 1619 1554 expeditionibus
1660 1517 1750 1542 esse

176 1573 329 1623 coepit.
366 1574 578 1623 Quattuor
611 1573 790 1624 amplius
824 1587 954 1612 annos
989 1574 1067 1612 hoc
1097 1588 1247 1612 munus
1271 1574 1460 1616 extraxit.
1496 1584 1537 1613 et
1570 1574 1609 1612 in
1640 1574 1748 1613 idem

171 1652 288 1684 totus
322 1644 522 1683 incubuit.
566 1645 612 1682 In
646 1658 730 1695 quo
774 1645 985 1687 obeundo,
1032 1659 1074 1683 se
1119 1646 1267 1683 ducem
1317 1654 1356 1683 et
1406 1645 1577 1684 militem
1627 1645 1748 1684 simul

174 1715 394 1766 praestitit.
431 1715 602 1766 Quippe
650 1729 791 1753 sacrae
841 1718 1049 1754 vals-simas
1096 1716 1313 1762 rationem,
1356 1731 1480 1767 quam
1516 1717 1604 1768 ipse
1638 1717 1749 1755 insti-

171 1796 322 1833 tuerat,
358 1786 518 1838 primus
552 1786 799 1837 explicabat.
828 1788 974 1829 Urbes,
1001 1787 1170 1838 oppida.
1197 1789 1363 1826 castella
1388 1789 1650 1839 peragrabat,
1677 1789 1749 1826 du-

171 1858 338 1897 rissimo
370 1857 468 1896 anni
503 1866 706 1908 tempore,
743 1872 817 1908 per
850 1859 1056 1897 montium
1091 1859 1279 1910 abrupta,
1322 1859 1524 1898 imbribus
1557 1859 1747 1898 deciden-

171 1930 296 1973 tibus.
332 1930 397 1968 vel
431 1929 644 1968 altissimis
678 1930 855 1973 nivibus,
891 1930 1005 1968 omni
1051 1940 1275 1981 praesepto
1308 1932 1436 1976 aditu,
1483 1940 1527 1970 ut
1560 1932 1746 1970 locorum

174 2001 296 2051 periti
330 2001 381 2039 ad
416 2001 586 2039 semitas
620 2001 904 2051 expediendas
937 2001 1162 2039 adhibendi
1207 2011 1359 2042 essent.
1401 2001 1748 2041 Praesentissimo

169 2072 312 2111 animo
347 2073 399 2111 ad
424 2080 579 2111 statum
603 2072 741 2110 locum
766 2073 1058 2118 contendebat,
1085 2073 1297 2123 indigenis
1319 2073 1635 2116 admirantibus,
1663 2074 1745 2124 qui,

171 2143 261 2182 eius
295 2144 397 2182 moti
422 2144 629 2194 exemplo,
656 2144 810 2181 nullam
834 2144 886 2181 ad
910 2144 1171 2194 sequendum
1198 2158 1357 2182 moram
1384 2144 1626 2183 inferebant.

263 2216 360 2265 Quo
393 2228 486 2253 cum
506 2223 677 2253 ventum
711 2223 833 2260 esset,
873 2228 989 2253 sacra
1023 2215 1062 2253 in
1097 2215 1211 2258 aede,
1243 2216 1308 2253 vel
1347 2216 1400 2253 ob
1435 2215 1743 2254 multitudinem

174 2285 213 2323 in
232 2286 321 2323 dies
338 2286 443 2324 adeo
458 2293 802 2329 succrescentem,
819 2294 863 2324 ut
882 2286 1109 2324 multorum
1125 2286 1297 2324 millium
1313 2300 1532 2324 numerum
1547 2286 1743 2336 expleret,

168 2356 294 2407 eique
327 2357 555 2407 capiendae
589 2357 757 2407 templa,
804 2370 1059 2407 quamquam
1099 2356 1347 2398 vastissima,
1383 2357 1519 2395 forent
1553 2356 1739 2407 imparia,

173 2427 251 2465 sub
284 2427 384 2465 divo
407 2426 555 2466 concio
579 2427 824 2465 habebatur.
851 2427 982 2465 Porro
1008 2428 1206 2473 Francus,
1234 2436 1278 2466 ut
1315 2426 1484 2465 cuilibet
1517 2427 1608 2465 viro
1638 2435 1747 2465 esset

171 2497 307 2543 saluti,
342 2498 580 2549 omnigenis
613 2498 771 2536 artibus
795 2499 1000 2536 utebatur.
1027 2498 1141 2536 Alias
1166 2497 1206 2536 in
1230 2498 1428 2536 scelestos
1452 2497 1743 2544 invehebatur;

171 2582 219 2607 ac
252 2582 424 2619 poenas,
463 2582 571 2620 quae
615 2568 767 2619 impios
810 2577 1135 2619 consequuntur,
1181 2568 1322 2619 magni
1366 2568 1491 2607 animi
1524 2569 1672 2607 ardore
1705 2578 1745 2608 et

171 2640 447 2683 vehementia,
483 2640 730 2679 declarabat:
782 2639 870 2678 illas
918 2639 1113 2678 nimirum
1156 2654 1247 2678 esse
1295 2639 1594 2685 acerbissimas,
1639 2654 1744 2691 quae

172 2710 401 2748 humanum
436 2711 609 2749 modum
643 2711 769 2762 longe
802 2710 1027 2752 excedant:
1061 2710 1280 2749 diuturnas
1314 2719 1541 2761 praeterea,
1577 2719 1621 2749 ut
1645 2725 1744 2749 nun-

173 2794 300 2830 quam
335 2781 457 2819 finem
492 2781 575 2820 sint
608 2781 843 2819 habiturae:
878 2781 992 2832 quod
1024 2795 1074 2819 eo
1099 2781 1345 2831 pertinebat,
1373 2789 1416 2819 ut
1449 2781 1742 2820 obstinatiores

175 2859 510 2893 concuterentur.
545 2860 670 2902 atque
693 2851 747 2890 ad
770 2851 1071 2902 poenitentiam
1095 2852 1352 2890 accederent.
1378 2851 1506 2893 Alias,
1541 2865 1592 2889 ne
1616 2851 1743 2889 nimio

175 2928 334 2959 terrore
368 2923 703 2972 percellerentur,
730 2937 833 2961 neve
856 2923 961 2961 adeo
984 2922 1133 2961 animis
1163 2923 1440 2964 conciderent.
1467 2922 1650 2960 divinam
1676 2922 1744 2959 bo-
