1926 3200
868 257 920 261 ——
960 245 1038 281 203
1076 258 1128 262 —

225 337 374 376 cimina
409 339 611 389 praebuit,
647 340 889 389 praesertim
924 340 1199 381 mechanicae:
1246 341 1448 391 siquidem
1486 341 1696 379 machinas
1732 341 1787 378 111-

225 409 398 459 geniose
432 410 698 459 excogitavit,
725 411 787 448 vel
811 411 862 449 ab
885 411 975 449 aliis
998 411 1243 450 adinventas
1267 412 1449 462 perfecit.
1478 413 1624 463 Neque
1649 412 1786 449 minus

226 480 438 523 memoria,
473 495 554 531 qua
588 482 769 531 pollebat
804 481 1050 525 firmissima,
1086 482 1299 520 sodalibus
1337 482 1422 521 suis
1454 491 1494 521 et
1527 482 1784 531 alienigenis,

225 551 375 601 quibus
394 551 617 589 Calisornia
642 552 819 590 maxime
841 552 1036 594 abundat.
1059 553 1267 603 praesidio
1287 553 1373 591 fuit.
1401 554 1506 591 Nam
1531 553 1781 601 linguarum,

224 635 306 659 non
356 622 543 660 omnium
593 623 776 673 quidem,
822 623 878 661 uti
924 624 1193 673 hyperbolice
1237 624 1437 674 scriptum
1483 623 1661 666 invenio,
1708 623 1781 662 sed

223 693 497 742 complurium
548 693 705 743 peritus
749 703 854 735 erat:
899 708 1053 745 easque
1095 694 1221 737 facile,
1265 694 1432 745 proprie
1482 704 1522 733 et
1556 695 1780 743 eleganter,

223 763 465 814 praesertim
498 763 717 814 anglicam,
743 764 955 807 efferebat,
992 774 1035 803 ut
1060 765 1209 814 Anglis
1242 765 1444 808 litteratis.
1477 779 1558 803 non
1584 765 1622 803 in
1650 765 1779 811 Italia,

223 835 296 873 sed
330 834 418 884 ipsa
452 835 491 872 in
525 835 679 885 Anglia
728 844 847 873 natus
889 837 1080 886 altusque
1124 836 1346 875 videretur.
1389 836 1537 874 Latino
1576 849 1780 882 sermone,

225 919 307 955 quo
341 905 380 942 in
414 905 512 943 ludo
546 905 851 955 philosophico,
888 906 951 943 vel
985 907 1223 956 theologico
1257 907 1461 949 utebatur,
1496 906 1619 944 Tullii
1660 920 1782 944 venu-

222 984 369 1014 statem
402 984 442 1013 et
475 976 637 1025 copiam
673 976 886 1019 referebat,
922 986 961 1015 et
995 977 1257 1027 scriptorum,
1303 991 1409 1028 quos
1450 977 1643 1016 classicos
1683 991 1781 1015 nun—

219 1060 431 1096 cupamus,
477 1046 701 1085 sententias
734 1047 938 1095 genuinas
971 1048 1154 1097 integras
1189 1048 1397 1087 recitabat.
1424 1048 1596 1098 perinde
1630 1063 1675 1086 ac
1708 1062 1780 1085 eos

220 1124 331 1154 totos
365 1117 588 1155 memoriae
621 1118 1012 1157 connneiidavisset.

309 1186 417 1225 Hinc
450 1196 511 1225 est
544 1187 748 1233 effectum,
794 1198 839 1227 ut
881 1189 1145 1227 scientiarum
1190 1200 1230 1228 et
1272 1190 1423 1229 artium
1463 1190 1779 1241 quaestionibus

218 1257 475 1308 gravissimis
493 1258 723 1296 enodandis
742 1259 875 1309 impar
893 1275 914 1297 a
938 1261 1049 1297 nullo
1068 1269 1285 1310 putaretur
1313 1269 1439 1311 atque
1463 1260 1520 1299 uti
1550 1260 1776 1305 oraculum,

219 1335 305 1366 tum
339 1342 361 1365 a
394 1328 491 1374 suis,
527 1338 613 1367 tum
648 1330 698 1367 ab
731 1330 875 1368 alienis
908 1331 1206 1369 consuleretur.
1243 1332 1336 1382 Qua
1369 1332 1419 1369 de
1459 1346 1501 1369 re
1540 1331 1618 1369 hoc
1651 1346 1673 1369 a
1718 1332 1779 1369 Io-

217 1399 348 1449 sepho
382 1399 511 1445 Sasia‚
546 1400 596 1438 de
629 1414 713 1450 quo
746 1414 871 1451 supra
904 1401 1157 1440 mentionem
1192 1402 1280 1445 feci,
1315 1402 1484 1440 auribus
1517 1402 1669 1452 accepi.
1704 1401 1779 1440 Vir

217 1468 399 1519 quidam.
434 1470 630 1508 mathesis
664 1470 974 1517 sciendssinms,
1010 1472 1080 1523 qui
1115 1473 1153 1510 in
1189 1473 1447 1523 problemate
1481 1472 1777 1511 mathematico

218 1540 281 1577 vel
313 1539 555 1579 difficillimo
603 1542 804 1580 solvendo
847 1556 1018 1593 operam
1063 1543 1240 1585 lusisset.
1286 1553 1326 1581 et
1369 1543 1620 1582 clarissimos
1653 1543 1777 1582 huius

215 1609 457 1660 disciplinae
480 1611 704 1661 magistros
727 1612 876 1651 frustra
899 1613 1188 1656 consuluisset,
1217 1615 1269 1652 ad
1294 1614 1497 1657 ultimum,
1523 1628 1777 1665 quamquam

215 1695 239 1718 a
270 1694 343 1730 spe
376 1695 506 1731 paene
543 1682 728 1721 deiectus
771 1693 869 1727 erat,
915 1685 1142 1723 amicorum
1186 1685 1372 1729 consilio,
1419 1686 1616 1735 Baymam
1662 1685 1775 1732 adiit,

216 1751 298 1802 qui,
325 1752 541 1791 subductis
575 1753 814 1796 1·ationil1›us‚
850 1755 1109 1805 propositam
1144 1756 1431 1806 quaestionem
1456 1772 1478 1794 e
1508 1756 1687 1807 vestigio
1710 1770 1777 1807 pe-

216 1821 327 1860 nitus
361 1824 609 1873 explanavit.
637 1825 762 1874 Quod
785 1840 878 1863 cum
912 1826 996 1863 fere
1019 1841 1069 1864 ex
1102 1827 1293 1865 machina
1326 1827 1536 1865 videretur
1568 1827 1774 1874 effectum,

214 1893 342 1931 homo
375 1902 492 1932 tanto
535 1903 707 1945 stupore
750 1905 811 1934 est
855 1897 1081 1946 perculsus,
1128 1906 1171 1935 ut
1220 1897 1287 1935 rix
1331 1897 1407 1935 sibi
1453 1898 1575 1936 tidem
1610 1898 1774 1937 faceret.

215 1965 372 2014 Itaque,
409 1979 451 2003 re
484 1966 664 2016 vulgata„
703 1968 857 2016 Bayma
892 1967 930 2004 in
966 1968 1098 2005 maius
1132 1977 1218 2006 tota
1251 1968 1444 2006 America
1482 1969 1679 2007 celebrari
1713 1977 1776 2007 est

214 2044 401 2085 coeptus.

300 2108 441 2156 Quum
460 2107 512 2144 ad
530 2107 690 2145 tardam
710 2117 966 2146 senectutem
985 2108 1234 2150 devenisset.
1255 2118 1478 2147 consuetos
1502 2110 1664 2147 labores
1689 2124 1772 2149 non

213 2175 452 2221 intermisit3
487 2177 586 2227 quin
630 2178 765 2219 etiam,
808 2179 948 2228 paucis
987 2188 1081 2217 ante
1115 2179 1326 2217 mensibus
1370 2194 1495 2230 quam
1529 2180 1612 2218 vita
1661 2194 1774 2220 exce-

212 2246 339 2289 deret,
375 2256 418 2285 ut
451 2248 767 2298 Archiepiscopi
790 2249 992 2287 dioecesis
1026 2250 1067 2287 S.
1094 2250 1301 2288 Francisci
1335 2250 1542 2289 desiderio
1575 2252 1775 2302 obseque-

212 2326 336 2358 retur.
386 2332 598 2356 sacrorum
647 2319 848 2364 alumnos,
899 2319 968 2370 qui
1013 2319 1127 2358 brevi
1161 2320 1213 2358 ad
1247 2334 1386 2358 sacros
1420 2320 1601 2359 Ordines
1634 2330 1774 2361 essent

210 2389 500 2438 promovendi.
536 2389 789 2439 theologiam
824 2391 978 2429 docuit.
1017 2391 1210 2441 Denique
1244 2391 1283 2429 in
1317 2392 1509 2430 morbum
1544 2402 1606 2431 est
1641 2393 1775 2444 impli-

211 2459 335 2505 citus:
371 2473 454 2509 quo
488 2459 622 2498 acrius
655 2460 694 2498 in
728 2460 815 2499 (lies
848 2471 1106 2512 erumpente,
1143 2463 1289 2513 plenus
1323 2463 1508 2513 optimae
1541 2464 1643 2514 spei,
1680 2465 1774 2503 Deo

212 2529 399 2569 Creatori
433 2544 520 2575 sun,
556 2545 679 2581 quem
714 2540 917 2582 perpetuo
950 2542 1210 2582 spectaverat
1243 2543 1281 2572 et
1306 2533 1425 2572 unice
1458 2534 1669 2581 dilexerat,
1694 2534 1774 2586 spi-

211 2601 334 2639 ritum
377 2601 648 2644 concredidit,
693 2616 804 2640 anno
846 2603 1072 2641 christiano
1108 2615 1374 2646 MDcccxcil.
1411 2605 1450 2642 in
1486 2605 1586 2643 urbe
1620 2606 1773 2645 Sancta

212 2671 345 2716 Clara,
380 2680 420 2710 et
455 2671 493 2709 in
527 2673 762 2722 sepulcreto
797 2673 955 2711 urbano
989 2682 1048 2712 est
1085 2673 1337 2713 inhumatus,

301 2742 374 2780 Vir
408 2743 551 2792 procul
585 2743 713 2781 dubio
747 2743 822 2782 snit
860 2744 1024 2794 capitali
1071 2745 1240 2795 ingenio
1273 2760 1295 2783 a
1330 2754 1474 2784 natura
1507 2747 1698 2793 donatus,
1733 2755 1774 2786 et

209 2812 398 2851 doctrina
431 2812 655 2863 omnigena
688 2814 739 2851 ab
772 2823 859 2852 arte
904 2815 1136 2857 institutus:
1172 2824 1211 2854 et
1252 2830 1519 2866 quamquam,
1554 2817 1668 2867 quod
1701 2817 1773 2856 hu-

212 2897 377 2920 manum
402 2892 476 2927 est,
503 2883 541 2921 in
567 2897 609 2921 re
633 2884 867 2931 tlieol‹‘›g·i(*;1
901 2894 939 2923 et
970 2885 1258 2936 philosophica
1288 2900 1369 2924 non
1394 2887 1538 2926 leviter
1561 2886 1772 2926 offendere
