1926 3200
884 213 1113 256 —53—

217 313 453 364 sumptibus
501 313 692 352 curandis
726 313 948 364 plurimum
983 314 1162 359 valebat,
1204 323 1248 352 ut
1296 315 1413 365 pauci
1463 315 1691 353 admodum
1740 314 1777 353 ei

217 393 355 423 essent
388 384 670 435 comparandi.
706 383 886 435 Quippe,
913 398 995 423 non
1029 384 1155 422 modo
1189 385 1251 422 vir
1284 385 1390 434 frugi
1425 394 1465 424 et
1498 384 1776 435 parsimoniae

216 455 546 494 studiosissimus
579 464 677 501 erat,
713 454 785 493 sed
817 454 953 499 etiam,
995 456 1048 493 ob
1092 469 1287 505 magnam
1327 455 1635 505 cognationem,
1671 465 1776 495 cete-

218 540 368 577 rasque
402 526 551 565 mentis
574 535 698 577 atque
721 526 845 564 animi
875 526 1007 569 dotes,
1033 527 1379 565 necessitudinem
1414 536 1454 565 et
1477 536 1654 577 gratiam
1689 527 1776 577 plu-

220 597 366 635 rimam
385 611 477 636 cum
502 597 600 635 viris
619 596 876 648 principibus
896 597 1052 636 inierat.
1079 597 1161 648 Qui
1181 598 1455 636 liberalissimi
1476 612 1605 648 quum
1625 606 1775 641 essent,

221 682 267 707 ac
301 668 483 719 religiosi
518 668 558 706 in
597 668 845 718 exemplum,
891 669 1035 706 crebro
1078 668 1136 713 ei,
1187 669 1358 719 eiusque
1407 669 1619 707 sodalibus
1666 669 1779 707 adiu-

222 748 365 777 mento
399 738 620 777 veniebant
644 740 720 788 (2).

310 810 457 848 Annos
490 809 668 860 amplius
703 823 852 848 novem
887 810 1124 860 provinciae
1171 811 1418 849 taurinensis
1452 811 1708 861 praefectura
1742 825 1779 849 e—

220 880 366 931 gregie
399 880 523 922 obita,
558 880 797 930 provinciae
845 894 1040 918 romanae
1088 881 1175 931 pari
1218 881 1463 920 auctoritate
1497 882 1777 920 moderandae

221 960 284 991 est
315 951 519 990 addictus
556 951 652 1001 Quo
702 964 886 997 munere,
936 951 1012 990 etsi
1066 951 1326 1002 iniquissima
1373 961 1562 1003 tempora
1610 953 1779 991 interce-

221 1022 386 1064 debant,
422 1029 561 1060 tamen
595 1035 677 1060 non
701 1021 861 1060 minore
894 1021 1086 1060 felicitate
1115 1031 1177 1061 est
1199 1022 1376 1061 functus.
1402 1023 1502 1061 Eius
1535 1024 1612 1061 sub
1635 1023 1776 1069 ductu,

221 1092 457 1144 Collegium
492 1092 788 1138 Tusculanum,
838 1092 992 1143 pietate
1039 1102 1079 1131 et
1127 1093 1409 1132 munificentia
1442 1094 1571 1133 Marci
1605 1094 1778 1132 Antonii

220 1163 454 1215 Burghesii,
489 1163 688 1214 principis
722 1163 894 1207 romani,
920 1163 990 1214 qui
1014 1164 1291 1214 amplissimas
1319 1165 1443 1203 aedes
1477 1165 1629 1204 nostris
1663 1165 1780 1203 soda-

218 1235 326 1274 libus
360 1235 598 1273 incolendas
631 1234 886 1285 permiserat,
911 1234 1134 1274 excitatum
1158 1245 1232 1274 est.
1270 1236 1487 1274 Praeterea
1518 1236 1778 1275 vastissimae

219 1305 381 1357 imperii
406 1305 663 1344 Brasiliensis
682 1305 887 1356 regiones.
913 1305 1039 1344 sacris
1063 1306 1398 1356 expeditionibus
1417 1307 1469 1345 ad
1493 1306 1778 1345 omnimodam

221 1376 469 1428 religionem
503 1376 685 1419 alendae.
722 1375 763 1414 in
787 1376 1020 1414 custodiam
1044 1376 1282 1427 provinciae
1305 1391 1500 1415 romanae
1532 1386 1629 1416 sunt
1651 1386 1780 1416 trans-

221 1447 339 1486 latae.
375 1447 444 1485 Ad
477 1446 564 1485 eius
598 1446 742 1485 laudes
775 1446 898 1485 etiam
932 1447 1102 1491 accedit,
1138 1448 1252 1498 quod
1294 1447 1628 1499 quibuscumque
1661 1461 1779 1486 even-

219 1517 330 1557 tibus
353 1517 554 1562 civilibus,
581 1517 652 1568 qui
676 1531 723 1555 ea
748 1516 1012 1568 potissimum
1036 1526 1283 1568 tempestate
1306 1527 1445 1557 essent
1467 1518 1778 1565 extimescendi,

223 1602 435 1639 nunquam
470 1588 697 1639 imparatus
747 1588 917 1627 exstitit.
968 1588 1167 1627 Animum
1216 1589 1325 1628 enim
1363 1589 1604 1629 attendebat
1637 1589 1689 1628 ad
1721 1604 1782 1628 ca-

222 1659 419 1702 vendum,
456 1672 505 1696 ne
539 1658 777 1709 provinciae
820 1672 922 1709 opes
956 1659 995 1697 in
1028 1660 1304 1710 perduellium
1348 1674 1506 1704 manus,
1556 1660 1614 1699 uti
1659 1660 1779 1706 olim,

223 1729 279 1768 ita
311 1729 438 1768 modo
473 1729 659 1780 integrae
692 1728 953 1776 devenirent;
987 1739 1112 1781 atque
1156 1730 1211 1769 ita
1243 1744 1287 1770 se
1326 1731 1510 1782 gerebat,
1556 1740 1602 1770 ut
1635 1731 1675 1769 in
1716 1745 1783 1769 an-

222 1800 335 1851 cipiti
369 1814 465 1839 casu
497 1810 708 1851 receptum
746 1801 925 1852 aliquem
969 1801 1020 1839 ad
1065 1802 1239 1840 salutem
1282 1802 1465 1845 haberet,
1510 1816 1560 1840 ne
1603 1802 1780 1848 sodales,

221 1871 310 1910 eius
354 1885 433 1922 ope
466 1871 665 1917 destituti,
696 1871 773 1910 sibi
806 1872 1028 1923 separatim
1067 1872 1284 1911 consilium
1328 1887 1475 1924 capere
1518 1882 1780 1923 cogerentur.

221 1943 393 1993 Septem
427 1952 522 1994 post
554 1943 684 1989 annis,
730 1943 975 1995 magistratu
1018 1944 1208 1989 decessit,
1252 1958 1407 1995 magno
1446 1944 1615 1995 quidem
1656 1944 1782 1982 animi

221 2013 285 2052 sui
319 2013 488 2065 gaudio,
524 2023 568 2053 ut
603 2014 703 2053 illud
736 2014 860 2053 etiam
884 2014 1001 2053 vultu
1024 2015 1249 2065 praeferret
1280 2029 1326 2053 ac
1359 2015 1496 2053 verbis
1520 2015 1781 2066 exprimeret3

219 2092 264 2124 at
295 2099 378 2123 non
412 2085 571 2124 minore
605 2085 809 2124 sodalium
845 2085 1030 2124 omnium
1064 2085 1221 2129 dolore,
1256 2085 1339 2137 qui,
1379 2085 1530 2124 nuncio
1568 2086 1723 2130 audito,
1759 2100 1782 2124 a

222 2155 401 2194 lacrimis
435 2164 666 2206 temperare
700 2155 769 2194 vix
801 2164 1038 2207 potuerunt.

314 2227 413 2266 Post
446 2227 547 2265 haec
582 2228 721 2266 Ponza
754 2227 793 2265 in
824 2227 1037 2266 Brasiliam
1072 2227 1216 2278 ipsam,
1246 2227 1406 2265 Visoris
1440 2227 1560 2266 titulo
1593 2237 1634 2267 et
1666 2236 1783 2278 pote-

221 2306 328 2336 state
353 2297 588 2349 insignitus‚
615 2312 638 2336 a
662 2299 783 2337 Patre
809 2298 1051 2349 Praeposito
1075 2297 1266 2337 Generali
1290 2306 1352 2337 est
1375 2298 1538 2342 missus,
1563 2307 1607 2337 ut
1631 2312 1782 2337 novam

220 2377 264 2408 et
296 2369 575 2420 pergrandem
610 2369 723 2407 illam
758 2371 989 2408 7722'552'0726’772
1015 2382 1172 2408 sacram
1196 2369 1402 2413 inviseret,
1437 2384 1483 2408 ac
1515 2369 1567 2408 de
1600 2384 1660 2411 ea,
1684 2383 1778 2409 con-

224 2453 344 2477 verso
378 2439 536 2480 itinere,
571 2439 623 2478 ad
659 2440 839 2478 eundem
873 2439 1055 2478 referret.
1081 2440 1175 2478 Hoc
1197 2439 1332 2478 officio
1354 2454 1553 2491 prospere
1586 2440 1713 2486 obito,
1740 2440 1778 2478 in

225 2509 385 2548 Italiam
419 2518 481 2548 est
514 2523 742 2560 regressus,
777 2519 818 2548 et
852 2509 1276 2560 Collegii-Convictus
1300 2510 1524 2549 Tusculani
1554 2519 1689 2549 rector
1721 2518 1784 2549 est

226 2579 374 2618 iussus.
411 2580 507 2630 Quo
540 2580 648 2619 facto
681 2580 736 2618 nil
772 2580 904 2619 carius
939 2580 1173 2631 Burghesio
1205 2580 1381 2632 principi
1414 2581 1600 2620 accidere
1632 2581 1781 2631 potuit.

228 2649 396 2700 Quippe
421 2650 558 2688 Ponza
581 2651 632 2688 ab
655 2664 704 2689 eo
731 2650 899 2688 maximi
923 2650 1056 2695 fiebat,
1082 2650 1202 2701 eique
1226 2650 1548 2690 iucundissimus
1581 2652 1781 2690 exstabat.

227 2720 323 2770 Quo
358 2720 398 2758 in
431 2721 623 2771 collegio,
650 2721 719 2760 illo
743 2721 1017 2766 moderatore,
1053 2721 1196 2772 pietas,
1230 2721 1327 2760 boni
1362 2735 1509 2763 mores.
1545 2735 1590 2760 ac
1624 2721 1783 2760 litterae

226 2790 452 2841 plurimum
486 2791 675 2830 floruere.
702 2793 809 2830 Nam
834 2791 1065 2829 animorum
1090 2791 1274 2830 omnium
1298 2792 1479 2830 habenas
1514 2792 1568 2830 ita
1602 2792 1781 2836 tenebat,

225 2869 270 2899 ut
303 2861 592 2912 unusquisque
642 2862 693 2900 ad
738 2871 884 2900 nutum
930 2861 1129 2912 imperata
1172 2862 1334 2904 faceret.
1380 2877 1453 2901 nec
1497 2862 1551 2900 illi
1600 2876 1783 2913 unquam
