1926 3200
845 226 1074 261 -45-

179 317 391 356 Ambrosii
439 317 739 368 praefecturam
788 317 912 364 obiit,
962 326 1002 357 et
1049 318 1101 356 ab
1144 318 1477 369 Archiepiscopo
1526 319 1737 358 Genuensi

180 401 328 426 censor
374 387 586 433 librorum,
631 396 671 427 et
704 387 826 426 iudex
873 396 990 427 extra
1036 388 1253 438 Synodum
1303 397 1364 428 est
1413 389 1561 428 iussus.
1610 390 1736 428 Anno

181 470 501 505 MDCCCXLVIII,
537 459 723 497 omnium
766 459 991 505 teterrimo,
1036 459 1088 498 ab
1131 459 1324 498 universa
1367 460 1582 499 Sardiniae
1626 460 1738 511 regis

180 529 350 575 ditione,
385 543 465 568 una
497 543 590 568 cum
639 529 723 568 suis
755 530 967 568 sodalibus
1015 529 1181 576 eiectus,
1232 545 1360 581 quum
1410 532 1565 569 nullum
1614 532 1739 569 alium

178 600 314 639 locum
348 608 484 639 tutum
517 600 697 646 haberet,
733 615 816 651 quo
840 601 1002 651 sugeret
1030 601 1082 639 ad
1106 601 1293 647 salutem,
1322 602 1495 641 Utinum
1519 616 1562 640 se
1586 602 1741 653 recepit

177 672 229 710 ad
262 685 372 711 suos.
408 672 676 722 Quamquam
710 671 764 709 ibi
809 672 1029 711 honestum
1073 672 1204 711 otium
1249 687 1450 724 usurpare
1488 681 1663 724 poterat,
1700 673 1739 711 in

177 756 295 781 sacro
328 742 517 793 ephebeo
552 742 751 793 magister
784 742 949 793 pietatis
972 742 1140 789 exstitit,
1166 751 1290 794 atque
1315 743 1354 782 in
1388 758 1435 783 ea
1468 744 1605 783 studia
1626 752 1740 783 totus

178 812 374 859 incubuit,
411 812 450 851 in
484 812 636 864 quibus
683 812 908 863 plurimum
942 827 985 851 se
1018 814 1194 852 amabat.
1247 814 1394 865 Itaque
1442 829 1548 865 quae
1580 814 1742 854 litterae

175 883 262 922 eius
296 884 553 922 iuventutem
601 884 805 929 aluerant,
855 884 979 922 etiam
1027 892 1282 924 senectutem
1331 885 1602 924 oblectarunt.
1640 886 1734 925 Hoc

176 963 376 1005 tempore,
411 963 455 993 ut
490 954 595 993 facili
638 954 874 993 coniectura
916 955 1189 1006 assequimur,
1234 969 1341 1007 opus
1378 957 1636 1007 conscripsit,
1671 957 1736 996 cui

176 1039 327 1064 nomen
360 1025 524 1064 indidit:
550 1049 603 1054 --
627 1026 875 1064 Bibliotheca
908 1027 1169 1077 Scm'plormn
1200 1027 1464 1066 Utz'nensz'um
1489 1051 1556 1066 —-.
1582 1028 1738 1078 Quam-

175 1097 318 1135 obrem
366 1095 594 1142 calamitas,
636 1110 742 1147 quae
785 1097 1011 1135 maximum
1054 1097 1143 1136 aliis
1185 1097 1484 1137 detrimentum
1528 1098 1734 1146 intulerat,

176 1180 381 1205 summam
416 1166 471 1204 illi
505 1180 555 1205 ex
587 1167 792 1206 sententia
825 1167 989 1218 peperit
1022 1168 1253 1206 utilitatem.

263 1237 351 1276 Sub
384 1236 541 1276 exitum
575 1237 670 1276 anni
704 1249 955 1285 MDCCCLIV,
1007 1239 1187 1277 Romam
1236 1239 1460 1278 accersitus
1507 1247 1587 1286 est;
1622 1248 1664 1279 et
1696 1240 1737 1278 in

175 1307 385 1347 Convictu
434 1307 647 1347 Nobilium
697 1309 896 1359 magister
942 1309 1108 1360 pietatis
1156 1309 1324 1349 exstitit.
1369 1310 1739 1361 Locupletissimae

177 1378 382 1417 Athenaei
406 1378 656 1429 Gregoriani
680 1379 955 1418 bibliothecae
978 1380 1187 1430 praefecto
1211 1380 1348 1419 socius
1371 1380 1495 1419 etiam
1518 1390 1579 1420 est
1602 1381 1737 1427 datus,

176 1457 216 1487 et
249 1462 396 1487 censor
428 1449 640 1496 librorum,
677 1450 747 1500 qui
780 1465 802 1488 a
836 1450 1002 1489 Nostris
1049 1459 1186 1489 essent
1219 1452 1459 1502 evulgandi,
1494 1461 1556 1490 est
1588 1466 1736 1490 renun-

175 1519 319 1558 ciatus.
356 1520 434 1558 Per
466 1519 507 1558 id
541 1528 718 1571 tempus,
754 1535 953 1572 magnum
987 1535 1093 1572 opus
1126 1522 1351 1569 contexuit,
1387 1523 1451 1561 cui
1485 1531 1547 1562 est
1579 1523 1737 1562 titulus:

178 1614 231 1618 —
264 1591 512 1629 Bibliotheca
546 1591 806 1642 Scriptorum
850 1593 1061 1631 Societatis
1102 1593 1197 1632 Iesu
1230 1617 1312 1633 —-.
1355 1594 1402 1632 Id
1437 1594 1589 1633 Carolo
1619 1594 1738 1633 Som-

177 1661 436 1712 mervogelio
456 1661 705 1701 uberrimam
724 1671 909 1714 segetem
928 1673 1074 1714 postea
1091 1665 1388 1715 suppeditavit.
1409 1666 1517 1704 Nam
1535 1665 1739 1704 Beorchia

176 1731 216 1769 in
251 1745 301 1770 eo
335 1732 566 1783 redigendo
599 1741 729 1772 totam
768 1733 944 1785 Collegii
990 1735 1169 1774 Romani
1217 1736 1525 1783 bibliothecam,
1575 1736 1739 1787 amplis-

175 1802 323 1841 simam
372 1811 496 1854 atque
547 1803 890 1855 antiquissimam,
941 1814 1003 1844 est
1051 1806 1342 1857 depopulatus.
1392 1808 1518 1845 Anno
1571 1807 1738 1846 demum

178 1884 430 1920 MDCCCLIX,
466 1874 613 1912 morbo
647 1882 792 1921 tactus,
824 1876 1168 1915 Urbemveterem
1192 1876 1316 1923 venit,
1343 1877 1495 1928 ibique,
1531 1891 1614 1916 non
1637 1891 1737 1916 vero

174 1944 361 1990 Viterbii,
398 1952 442 1983 ut
475 1946 862 1997 Sommervogelius
896 1946 1048 1994 scribit,
1084 1947 1193 1985 diem
1229 1962 1349 1986 suum
1384 1948 1498 1987 obiit.

264 2016 379 2054 Idem
413 2016 801 2067 Sommervogelius
835 2031 929 2055 eum
963 2018 1173 2068 adpellare
1206 2032 1289 2057 non
1313 2019 1489 2065 dubitat,
1515 2019 1740 2071 bibliogra-

176 2087 305 2138 phum
339 2087 521 2125 numeris
554 2087 747 2126 omnibus
779 2089 1029 2134 absolutum,
1064 2097 1188 2140 atque
1211 2090 1263 2127 ad
1287 2089 1328 2128 id
1361 2104 1510 2129 munus
1534 2105 1556 2129 a
1590 2099 1737 2130 natura

178 2158 298 2208 plane
330 2166 617 2208 comparatum
642 2160 718 2209 (Ι).
770 2159 1025 2197 Melandrius
1073 2173 1172 2198 vero
1210 2159 1344 2198 virum
1384 2160 1599 2211 multiplici
1646 2175 1734 2199 eru-

173 2229 334 2268 ditione
367 2237 407 2267 et
439 2229 628 2268 doctrina
661 2231 833 2276 clarum,
879 2239 920 2269 et
969 2231 1167 2282 singulari
1212 2231 1252 2270 in
1297 2240 1485 2270 nostrum
1530 2232 1732 2271 Ordinem

175 2313 316 2337 amore
349 2299 569 2350 insignem.
606 2300 838 2339 Iuventutis
882 2300 1159 2340 instituendae
1196 2302 1385 2352 apprime
1422 2302 1592 2353 peritus,
1632 2303 1734 2342 tanti

173 2377 237 2408 est
268 2368 446 2415 habitus,
481 2378 526 2408 ut
560 2369 586 2407 ii
619 2371 904 2409 adolescentes
937 2371 1094 2422 optime
1131 2372 1334 2418 audirent,
1375 2373 1445 2423 qui
1479 2373 1529 2411 ab
1562 2386 1612 2411 eo
1645 2387 1738 2423 pro-

173 2441 382 2479 barentur.
418 2441 625 2487 Urbanus,
676 2442 818 2485 comis,
868 2442 1085 2493 benignuS,
1136 2443 1212 2482 hos
1261 2457 1413 2494 magna
1445 2444 1736 2483 benevolentia

174 2511 545 2562 complectebatur;
571 2526 802 2563 eorumque
826 2512 1052 2564 ingenium,
1078 2522 1203 2564 atque
1226 2513 1409 2553 indolem
1443 2514 1569 2553 animi
1602 2515 1739 2565 primo

176 2580 327 2620 intuitu
359 2582 649 2633 perspiciebat,
686 2591 730 2622 ut
764 2597 855 2621 raro
889 2584 1115 2622 admodum
1159 2584 1301 2635 opinio
1339 2599 1433 2623 eum
1468 2585 1636 2624 falleret.
1674 2586 1735 2623 In-

175 2650 459 2702 geniosiorum
492 2653 727 2692 voluntates
761 2654 801 2691 in
834 2653 978 2704 primis
1021 2654 1096 2692 sibi
1130 2655 1334 2704 captabat,
1376 2654 1508 2706 iisque
1541 2655 1735 2694 libentius

177 2720 393 2772 indulgere
426 2723 596 2769 solebat,
632 2738 716 2774 quo
750 2738 821 2762 eos
855 2724 1046 2763 videlicet
1088 2725 1140 2763 ad
1182 2725 1378 2775 pietatem
1412 2726 1662 2772 sectandam,
1698 2735 1738 2765 et

176 2791 314 2830 studia
346 2792 578 2832 adamanda
611 2794 768 2832 facilius
790 2794 983 2833 alliceret.
1012 2796 1073 2834 Ita
1095 2803 1158 2834 est
1186 2795 1352 2842 factum,
1379 2804 1422 2835 ut
1455 2797 1604 2835 horum
1628 2810 1738 2835 com-

176 2861 314 2912 plures
348 2862 388 2900 in
421 2862 567 2902 litteris
600 2878 724 2915 quam
760 2864 936 2903 maxime
970 2865 1231 2916 proficerent,
1257 2874 1297 2905 et
1321 2866 1390 2917 pio
1421 2866 1616 2905 instinctu
1650 2880 1738 2917 per-
