1926 3200
912 755 1002 792 XV.

365 973 684 1025 lOANNES
742 970 1107 1033 BAPTISTA
1165 968 1548 1018 ROSTAGNO

238 1403 265 1429 N
300 1391 400 1428 urbe
434 1388 713 1427 Taurinorum
748 1387 934 1439 principe
982 1387 1090 1424 vitae
1140 1385 1300 1424 initium
1344 1384 1451 1431 fecit,
1493 1398 1602 1423 anno
1641 1383 1745 1422 chri-

183 1394 226 1500 Ι
266 1461 404 1500 stiano
454 1471 714 1501 MDCCCXVI:
764 1467 805 1497 et
853 1458 893 1496 in
937 1467 1079 1496 nostra
1118 1457 1326 1495 Societate
1359 1455 1565 1506 stipendia
1598 1454 1747 1493 mereri

177 1532 314 1582 coepit
348 1530 488 1570 Cherii
521 1544 653 1568 annos
687 1539 808 1568 natus
843 1528 1065 1567 sexdecim.
1101 1527 1207 1566 Inibi
1248 1528 1378 1565 Isa'i'ae
1413 1525 1655 1565 Carminatii
1689 1525 1748 1564 di-

177 1602 359 1653 scipulus
407 1601 483 1639 fuit
530 1600 787 1651 ingeniosus,
842 1600 1022 1645 sedulus,
1067 1607 1352 1650 experrectus;
1387 1611 1564 1649 eamque
1597 1596 1744 1635 litteris

179 1671 442 1724 politioribus
483 1684 654 1721 operam
694 1670 908 1721 impendit,
950 1678 994 1708 ut
1031 1683 1186 1715 earum,
1226 1669 1449 1719 praecipue
1488 1680 1746 1719 graecarum,

183 1742 458 1794 peritissimus
506 1741 695 1780 evaserit.
746 1742 801 1779 At
850 1740 1129 1779 severioribus
1177 1740 1404 1790 disciplinis
1462 1739 1748 1790 perdiscendis

184 1814 317 1864 magis
350 1827 373 1851 a
406 1820 551 1851 natura
575 1820 852 1862 comparatus,
878 1811 918 1849 in
943 1812 1089 1849 harum
1113 1811 1317 1849 curriculo
1340 1810 1507 1861 longius
1531 1810 1745 1861 processit.

185 1885 284 1922 Eius
318 1882 474 1934 ingenii
508 1882 759 1921 celeritatem
794 1882 890 1920 hinc
923 1882 1039 1920 facile
1072 1881 1326 1920 coniicimus.
1353 1881 1494 1931 Quum
1527 1882 1747 1931 Augustae

183 1955 461 1993 Taurinorum
485 1953 776 2005 philosophiae
800 1953 999 1999 studeret,
1025 1953 1188 1991 sodales
1220 1966 1317 1991 suos
1342 1952 1523 1991 iuniores
1552 1953 1748 1990 clzimiam

182 2026 375 2071 docebat:
412 2038 541 2076 quum
586 2038 684 2063 vero
734 2024 888 2062 ibidem
936 2023 1175 2073 theologiae
1230 2031 1484 2074 operaretur,
1525 2022 1746 2061 mathesim

185 2097 331 2135 iisdem
365 2096 568 2134 tradebat.
605 2095 732 2145 Quod
766 2103 904 2133 tamen
938 2094 1238 2145 impedimento
1271 2107 1354 2132 non
1387 2093 1489 2139 fuit,
1524 2092 1748 2144 quominus

185 2166 464 2218 philosophus
497 2174 537 2204 et
570 2166 795 2216 theologus
829 2166 949 2216 plane
983 2178 1169 2203 summus
1203 2164 1443 2203 efficeretur.

275 2237 435 2275 Eadem
470 2236 510 2274 in
545 2236 646 2274 urbe
679 2236 874 2274 sacerdos
908 2235 1195 2287 inauguratus,
1231 2234 1450 2273 mathesim
1484 2234 1524 2272 in
1558 2233 1750 2283 Collegio

188 2308 438 2347 Sanctorum
465 2308 710 2356 Martyrum,
732 2305 952 2345 Societatis
972 2314 1138 2345 nostrae
1161 2305 1337 2344 alumnis
1361 2305 1596 2355 complures
1618 2318 1750 2343 annos

190 2378 360 2428 egregie
393 2378 624 2417 admodum
657 2377 906 2428 explanavit.
942 2378 1067 2416 Anno
1102 2389 1426 2423 MDCCCXLVIII,
1465 2377 1579 2428 quod
1612 2376 1753 2415 onmia

189 2450 228 2487 in
263 2449 504 2500 Subalpinis
536 2458 772 2488 transversa
805 2449 1049 2497 agebantur,
1084 2447 1269 2486 Taurino
1298 2448 1521 2499 profectus,
1558 2447 1751 2486 Anicium

189 2520 229 2558 in
264 2520 441 2559 Galliam
475 2534 518 2559 se
552 2519 741 2563 contulit,
767 2528 806 2558 et
831 2519 892 2557 ius
914 2519 1173 2564 canonicum,
1205 2527 1329 2570 atque
1362 2518 1591 2564 historiam,
1627 2527 1751 2569 quam

189 2592 416 2630 naturalem
449 2592 720 2642 appellamus,
756 2590 972 2628 iuvenibus
1006 2589 1245 2640 provinciae
1283 2589 1558 2639 lugdunensis
1592 2589 1752 2627 naviter

190 2661 370 2700 tradidit.
408 2663 540 2700 Dolae
573 2661 696 2700 etiam
730 2661 818 2705 fuit,
854 2660 994 2711 ibique
1026 2660 1149 2699 tertio
1173 2660 1339 2711 pietatis
1372 2674 1481 2699 anno
1515 2669 1674 2706 exactO,
1699 2659 1751 2697 ad

191 2733 434 2771 sollemnem
468 2741 664 2783 quattuor
698 2741 892 2771 votorum
917 2732 1219 2782 professionem
1253 2740 1422 2770 evectus
1455 2740 1529 2770 est.
1566 2730 1751 2769 Subinde

194 2803 437 2849 Lovanium,
473 2803 513 2841 in
548 2803 771 2853 Belgarum
806 2803 951 2840 urbem
986 2802 1298 2848 nobilissimam,
1344 2810 1404 2840 est
1437 2801 1672 2847 accersitus,
1708 2808 1752 2839 ut

191 2873 229 2911 in
264 2872 484 2912 Societatis
535 2882 700 2912 nostrae
753 2873 955 2911 athenaeo
999 2873 1257 2923 theologiam
1307 2872 1591 2923 dogmaticam
1639 2885 1754 2909 enar-
