1926 3200
849 214 1079 262 -67—

183 326 293 356 teras
327 317 492 368 publice
527 326 590 357 est
622 317 926 369 interpretatus,
952 317 1114 369 aliaque
1137 319 1277 357 munia
1309 319 1422 365 adiit,
1458 328 1502 358 ut
1535 320 1741 359 neminem

182 402 205 427 e
238 388 392 427 nostris
426 388 639 427 sodalibus
671 402 719 427 ea
760 388 799 427 in
838 389 939 428 urbe
984 388 1155 440 reperiri
1189 389 1341 435 liceret,
1377 389 1448 441 qui
1482 398 1543 429 tot
1566 391 1740 438 labores,

183 467 287 510 quot
323 459 534 506 Minimus,
579 473 733 511 eosque
766 460 1050 511 gravissimos,
1095 474 1175 498 una
1217 460 1447 512 eademque
1479 470 1739 513 tempestate,

183 531 415 581 explendos
449 530 689 581 susciperet.
724 531 1016 569 Genuensibus
1060 543 1144 569 non
1179 530 1315 570 minus
1359 545 1483 583 quam
1517 533 1742 571 Taurinen-

182 601 297 640 sibus
332 609 527 652 acceptus
551 601 636 647 fuit,
662 601 761 652 quin
783 601 906 640 etiam
931 602 1077 653 magis.
1102 603 1210 640 Nam
1235 602 1396 641 Mininii
1421 603 1610 642 facundia
1633 604 1740 642 clara

184 672 431 723 pollensque
473 680 587 719 erat,
631 680 672 711 et
714 686 867 711 novum
910 687 956 712 ac
999 673 1266 724 peregrinum
1301 674 1499 724 quiddam
1536 675 1737 721 sonabat;

181 742 355 794 eiusque
387 743 501 782 vocis
524 743 766 789 modulatio,
800 752 841 782 et
873 751 1017 794 gestus
1045 743 1332 789 conformatio,
1368 745 1420 783 ad
1454 745 1737 784 Genuensium

182 813 344 853 animos
368 814 652 864 percellendos
675 814 844 853 mirifice
867 814 1135 853 accomodata
1158 814 1387 854 videbatur.
1424 816 1470 854 In
1502 815 1591 854 aliis
1614 816 1737 855 etiam

179 884 464 936 compluribus
496 899 542 923 ac
574 884 806 935 praecipuis
840 885 1039 924 Italorum
1083 885 1253 923 urbibus
1291 886 1570 937 eloquentiam
1620 902 1737 926 suam

184 955 395 1006 probavit;
430 963 471 994 et
503 969 626 994 nemo
660 969 765 994 unus
797 956 964 1002 exstitit,
999 970 1022 994 a
1055 970 1139 1007 quo
1187 970 1443 1007 magnopere
1482 971 1565 996 non
1613 958 1739 997 dilau-

180 1025 347 1065 daretur
364 1027 441 1076 (4).
477 1027 622 1077 Itaque
654 1026 741 1065 eius
765 1040 916 1065 nomen
949 1041 1023 1078 per
1055 1035 1186 1066 totam
1221 1027 1380 1066 Italiam
1414 1028 1540 1079 longe
1573 1029 1737 1080 lateque

182 1096 398 1148 vulgatum
422 1104 497 1142 est,
522 1105 646 1148 atque
677 1097 903 1136 etiamnum
936 1097 1161 1148 plurimum
1194 1098 1320 1149 viget.

268 1168 393 1206 Anno
437 1179 706 1215 MDCCCXLII,
750 1168 928 1219 collegio
968 1168 1113 1207 Iriensi
1146 1169 1332 1219 regendo
1365 1177 1428 1208 est
1459 1171 1735 1221 praepositus,

180 1251 315 1289 neque
349 1246 487 1277 tamen
521 1238 588 1285 ibi,
622 1238 802 1290 alibique
824 1253 848 1277 a
879 1238 1166 1278 concionando
1189 1239 1360 1279 destitit.
1396 1241 1604 1280 Sexennio
1627 1251 1734 1293 post,

180 1323 310 1360 quum
329 1309 493 1348 sodales
511 1323 656 1348 omnes
674 1318 839 1348 nostrae
857 1309 1094 1361 provinciae
1117 1311 1251 1349 solum
1279 1319 1440 1350 vertere
1464 1311 1562 1351 iussi
1585 1321 1735 1359 essent,

183 1380 435 1419 Placentiam
459 1380 571 1431 apud
593 1394 691 1419 suos
713 1395 757 1420 se
780 1381 953 1432 recepit;
978 1381 1085 1427 dein,
1112 1395 1154 1420 re
1177 1381 1343 1432 publica
1374 1391 1532 1433 pacata,
1558 1384 1736 1423 Romam

178 1451 302 1497 venit,
337 1459 377 1490 et
410 1450 450 1489 in
482 1451 639 1502 templo
672 1452 925 1491 Farnesiano
958 1451 1119 1491 divinas
1152 1452 1309 1491 litteras
1348 1467 1422 1504 per
1463 1453 1632 1505 longam
1671 1470 1737 1494 an—

180 1536 328 1561 norum
357 1522 506 1561 seriem
539 1530 602 1561 est
633 1531 949 1562 commentatus.
976 1524 1071 1574 Qua
1103 1523 1143 1562 in
1176 1524 1290 1569 urbe,
1326 1524 1453 1563 totius
1486 1525 1597 1564 orbis
1630 1526 1737 1577 prin-

179 1593 270 1644 cipe
303 1607 350 1631 ac
382 1593 593 1644 magistra,
644 1593 746 1632 tanti
793 1602 856 1632 est
903 1595 1047 1640 factus,
1092 1602 1136 1633 ut
1169 1595 1239 1645 qui
1272 1595 1377 1634 bene
1410 1595 1573 1634 dicendi
1606 1605 1735 1636 artem

178 1663 509 1715 auspicabantur,
544 1664 596 1702 ad
629 1677 723 1702 eum
746 1665 1068 1715 frequentissimi
1091 1665 1347 1711 accederent,
1372 1666 1437 1704 vel
1461 1674 1505 1705 ut
1528 1675 1735 1706 oratorem

177 1734 380 1779 audirent,
415 1735 479 1773 vel
512 1742 556 1773 ut
588 1734 795 1773 rhetorem
818 1736 1093 1774 consulerent.
1127 1736 1252 1775 Anno
1288 1747 1555 1785 MDCCCLXX,
1581 1738 1734 1777 ibidem

179 1806 263 1844 vita
286 1813 348 1844 est
367 1805 543 1851 functus,
570 1814 612 1844 et
634 1805 858 1844 maximum
882 1806 944 1844 sui
967 1806 1220 1845 desiderium
1244 1807 1356 1857 apud
1388 1821 1533 1846 omnes
1556 1808 1734 1860 reliquit.

177 1877 386 1928 Quattuor
416 1876 632 1915 sollemnia
663 1885 760 1915 vota
791 1876 983 1916 emiserat
1015 1891 1124 1916 anno
1159 1889 1429 1917 MDCCCXXX.

267 1947 367 1986 Eius
409 1947 630 1986 conciones
674 1948 849 1986 necdum
893 1957 988 1987 sunt
1030 1948 1244 1995 collectae,
1286 1962 1420 1999 neque
1459 1948 1499 1987 in
1542 1950 1732 1989 ordinem

174 2019 375 2070 digestae,
401 2027 445 2057 ut
478 2018 710 2069 posteritati
742 2018 1053 2070 consignentur.
1088 2020 1247 2058 Tamen
1271 2020 1505 2067 nonnullae,
1540 2035 1590 2059 eo
1623 2022 1733 2069 vivo,

173 2097 270 2128 sunt
306 2089 538 2139 evulgatae,
575 2088 757 2140 itemque
780 2089 883 2128 aliae
905 2089 1091 2128 eiusdem
1115 2090 1287 2140 opellae,
1323 2098 1363 2129 at
1395 2091 1570 2141 sparsim
1596 2094 1673 2143 (5).
