1926 3200
868 219 1104 255 —40-

197 312 307 351 letali
341 320 559 362 correptus
594 312 755 357 morbo,
791 325 838 349 ea
871 311 961 362 ipsa
1004 310 1045 349 in
1078 310 1164 349 acie
1206 309 1422 355 occubuit,
1473 310 1513 348 in
1557 324 1639 361 qua
1685 309 1769 348 dux

201 384 311 422 idem
345 392 386 422 et
419 383 536 421 miles
569 392 737 422 strenue
770 382 1031 421 decernebat.
1068 382 1249 420 Mortem
1293 381 1589 419 adventantem
1623 381 1770 432 imper-

198 455 367 494 turbato
401 454 506 493 vidit
538 454 701 499 animo;
751 461 791 492 et
844 452 1069 498 sodalibus,
1104 466 1148 490 se
1189 451 1268 490 iam
1312 451 1586 490 decedentem
1625 451 1770 490 insola-

200 526 339 565 biliter
378 525 674 571 moerentibus,
710 524 826 576 quod
857 532 920 563 tot
953 532 1176 574 tantaeque
1209 523 1259 562 de
1293 523 1385 574 ipso
1418 537 1514 574 spes
1546 531 1771 574 conceptae

200 596 553 648 praeciderentur,
589 597 697 634 laeto
747 609 830 641 ore,
881 594 1055 646 perinde
1102 608 1149 633 ac
1196 594 1229 632 si
1262 608 1313 632 ex
1346 594 1474 632 domo
1524 593 1563 632 in
1597 594 1768 632 domum

198 676 309 707 esset
342 667 604 713 transiturus,
639 667 731 706 vale
778 666 882 705 dixit
931 679 1187 717 supremum,
1232 673 1365 704 aetate
1399 679 1482 703 non
1517 679 1602 711 sua,
1638 679 1769 703 annos

198 748 321 778 natus
354 738 549 777 videlicet
582 737 767 789 quinque
800 746 841 776 et
873 737 1058 788 triginta.

290 810 427 848 Huius
461 810 537 848 viri
571 809 710 848 obitus
743 808 1036 847 acerbissimus
1069 807 1238 853 exstitit,
1265 821 1347 846 non
1382 807 1509 846 modo
1542 807 1767 853 sodalibus,

192 890 236 920 et
268 880 453 932 collegis,
487 881 561 919 sed
595 880 673 919 illis
721 879 936 926 omnibus,
987 878 1058 930 qui
1107 892 1202 917 eurn
1245 892 1385 917 coram
1435 886 1649 925 noverant,
1700 879 1765 917 vel

198 961 380 1003 quantus
412 952 536 998 foret,
582 960 623 990 et
670 959 874 1002 quantum
924 950 964 989 in
1013 958 1229 1001 posterum
1272 949 1554 1000 portenderet,
1600 949 1768 988 auribus

198 1032 458 1075 acceperant.
494 1024 623 1062 Erant
656 1022 766 1061 enim
800 1021 871 1073 qui
903 1021 1209 1067 existimarent,
1255 1020 1332 1059 nisi
1376 1035 1488 1060 mors
1521 1035 1616 1059 eum
1650 1021 1770 1059 inter—

201 1094 393 1146 cepisset,
430 1095 614 1133 futurum
648 1094 774 1133 fuisse
807 1102 853 1132 ut
885 1093 1017 1132 serius
1051 1093 1166 1132 ocius
1199 1093 1252 1131 ad
1285 1106 1505 1143 supremos
1548 1092 1770 1131 Societatis

195 1174 363 1205 nostrae
387 1166 568 1205 honores
593 1166 851 1204 eveheretur.
877 1165 1024 1204 Exstat
1047 1164 1135 1203 eius
1158 1164 1344 1215 elogium
1363 1163 1700 1214 copiosissimum
1726 1164 1765 1201 in

197 1237 519 1283 accessionibus,
546 1251 652 1288 quae
676 1237 729 1275 ad
754 1236 1045 1287 Menologium
1067 1235 1235 1286 Iosephi
1262 1234 1517 1286 Patrignanii
1541 1249 1564 1273 a
1587 1235 1768 1285 Iosepho

200 1309 334 1347 Boero
368 1317 464 1347 sunt
496 1309 639 1354 sactae,
674 1308 751 1347 sub
784 1307 851 1346 die
885 1319 935 1346 ΙΙΙ
961 1308 1105 1346 Nonas
1129 1306 1377 1345 Februarias
1410 1305 1506 1344 anni
1531 1317 1763 1349 MDCCCLV„

196 1394 282 1431 quo
315 1379 382 1419 die
417 1379 646 1419 Calvettius
680 1378 877 1430 migravit
909 1378 963 1417 ad
997 1379 1183 1429 Superos
1208 1380 1285 1429 (4).

741 2089 1233 2158 ff-Qffss
