1926 3200
855 247 1116 282 -192-

197 339 370 384 lescens,
407 354 456 378 ne
490 340 580 378 viro
613 339 863 389 gravissimo
897 341 1023 378 verba
1056 339 1223 378 dedisse
1246 340 1470 387 videretur,
1505 343 1556 380 ad
1592 343 1770 394 Praepo-

197 410 322 449 situm
358 411 662 450 Provincialem
696 420 758 450 est
792 412 1020 463 ingressus,
1055 420 1181 462 atque
1213 412 1265 450 ab
1299 426 1348 451 eo
1382 414 1623 463 postulavit,
1659 423 1704 453 ut
1726 415 1767 454 in

197 491 383 520 nostram
418 482 670 521 Societatem
704 482 1023 521 adscriberetur.
1060 482 1154 529 Hic,
1189 497 1232 521 re
1256 483 1409 529 audita,
1445 485 1602 523 nullum
1637 486 1769 537 suspi-

196 552 305 591 cioni
339 554 477 592 locum
512 554 734 604 praebens:
773 568 795 590 «
820 554 887 592 Ad
922 562 1030 595 tuos,
1066 553 1212 604 inquit,
1259 563 1454 605 parentes
1492 564 1532 594 te
1565 557 1764 604 conferto,

195 637 426 675 eorumque
458 625 570 663 bona
602 639 695 663 cum
730 625 849 663 venia
882 625 935 663 ad
969 638 1034 662 me
1058 625 1270 667 revertito,
1298 634 1353 671 ut,
1389 635 1477 664 tum
1511 627 1650 673 animi,
1675 637 1765 666 tum

196 695 353 746 ingenii
387 695 458 739 tui„
494 710 545 734 ex
578 710 706 742 more,
742 695 971 746 periculum
1003 710 1177 739 sumam,
1203 705 1426 747 antequam
1462 697 1567 736 inter
1601 707 1768 738 nostros

194 765 351 805 tirones
384 766 595 817 coopteris
622 780 664 813 »3
699 766 898 817 diemque
931 766 1131 806 condixit.

283 838 391 875 Tum
426 852 525 876 vero
560 838 729 888 Bayma,
765 837 861 876 hinc
909 837 1137 886 digressus
1189 839 1319 876 multa
1369 852 1510 877 secum
1560 838 1630 877 diu
1679 841 1765 878 lon-

196 922 386 959 gumque
409 908 600 954 revolvit,
626 923 707 960 qua
731 909 901 947 tandem
926 922 1006 959 ope
1029 910 1080 947 ab
1103 909 1272 960 ancipiti
1297 924 1395 948 casu
1418 924 1509 948 sese
1532 911 1760 961 expediret.

198 981 430 1027 Postremo,
465 981 607 1019 divina
639 981 784 1031 procul
817 981 946 1019 dubio
971 980 1175 1031 impulsus
1199 981 1345 1031 gratia,
1381 982 1504 1020 fidem
1539 996 1588 1021 ex
1621 983 1761 1022 animo

195 1061 406 1114 praestare
439 1051 595 1098 statuit,
621 1066 746 1102 quam
770 1059 935 1102 praeter
958 1052 1214 1090 voluntatem
1249 1052 1458 1102 pollicitus
1493 1062 1592 1092 erat.
1625 1054 1762 1104 Quam

196 1124 249 1161 ob
284 1112 397 1169 rems
418 1138 440 1161 a
474 1122 716 1174 parentibus
749 1122 903 1173 pietate
947 1122 1262 1173 spectatissimis
1300 1123 1493 1162 facultate
1527 1123 1760 1174 impetrata,

196 1194 263 1232 die
296 1202 414 1239 stata,
450 1194 489 1231 in
538 1193 763 1244 collegium
801 1202 864 1232 est
913 1207 1147 1244 regressus,
1197 1202 1322 1244 atque
1369 1194 1422 1231 ad
1472 1194 1761 1245 Praepositum

198 1265 498 1304 provincialem
534 1264 798 1303 intromissus
831 1272 905 1303 est.
944 1264 1061 1311 Inibi,
1107 1278 1262 1315 magno
1305 1264 1430 1302 animi
1470 1274 1655 1316 stupore,
1692 1267 1763 1305 Se-

194 1336 376 1375 cundum
426 1337 633 1374 Francum
682 1344 745 1374 est
792 1344 949 1379 nactus,
1000 1335 1297 1374 consobrinum
1346 1344 1386 1374 et
1429 1336 1761 1387 condiscipulum

196 1422 331 1453 suum,
367 1406 569 1458 singulari
603 1406 755 1445 virtute
778 1407 1100 1451 adolescentem,
1126 1406 1197 1457 qui
1222 1400 1370 1445 eodem
1395 1407 1569 1445 consilio
1602 1421 1648 1446 ac
1672 1407 1760 1458 ipse

195 1479 289 1517 illuc
322 1486 505 1517 venerat.
542 1478 687 1529 Itaque
720 1478 823 1516 alter
866 1477 1035 1516 alterius
1077 1477 1250 1528 cognito
1294 1477 1525 1528 proposito,
1561 1477 1763 1517 validiore

193 1550 333 1588 animo
368 1550 420 1588 ad
442 1549 625 1600 pericula
647 1549 865 1588 subeunda
888 1563 932 1587 se
961 1557 1268 1599 compararunt.
1295 1549 1437 1599 Quum
1462 1549 1607 1599 primis
1641 1563 1763 1600 qnae-

195 1621 285 1660 sitis
319 1621 451 1671 probe
484 1620 711 1658 admodum
756 1620 1083 1670 respondissent,
1128 1628 1167 1658 et
1210 1627 1412 1670 quantum
1448 1619 1487 1657 in
1521 1620 1680 1666 litteris,
1715 1634 1761 1659 ac

194 1691 439 1742 praesertim
475 1690 515 1728 in
549 1690 801 1729 carminibus
835 1690 973 1729 latinis
1006 1690 1119 1728 nullo
1153 1690 1354 1728 librorum
1393 1689 1634 1729 adiumento
1666 1705 1760 1729 con-

195 1763 355 1808 dendis,
405 1763 602 1807 valerent,
652 1761 823 1812 egregie
872 1762 1099 1800 admodum
1151 1761 1395 1812 Praeposito
1435 1761 1682 1800 Provinciali
1720 1762 1762 1800 in

193 1848 391 1885 supremo
414 1833 642 1884 specimine
671 1833 975 1884 probavissent,
1011 1847 1061 1871 eo
1086 1832 1177 1884 ipso
1205 1832 1284 1877 die,
1311 1833 1362 1871 ab
1385 1833 1535 1871 eodem
1561 1833 1760 1872 Cherium

193 1914 289 1944 sunt
322 1904 449 1947 missi,
486 1913 531 1943 ut
554 1905 677 1942 ambo
700 1904 939 1943 tirocinium
964 1903 1179 1955 religionis
1214 1904 1253 1941 in
1278 1912 1419 1942 nostra
1453 1903 1662 1942 Societate
1694 1918 1762 1942 au-

194 1976 467 2027 spicarentur.
505 1976 620 2014 Haec
654 1975 821 2026 quidem
857 1975 997 2013 onmia
1030 1975 1230 2020 mihimet,
1267 1975 1451 2013 nondum
1486 1975 1662 2012 eandem
1687 1975 1759 2013 So-

193 2047 385 2086 cietatem
420 2046 624 2097 ingresso,
660 2046 748 2097 ipse
784 2047 952 2097 Bayma,
978 2046 1128 2097 viginti
1152 2046 1338 2097 quinque
1361 2054 1456 2096 post
1479 2045 1610 2089 annis,
1645 2059 1759 2083 enar-

194 2118 317 2164 ravit;
366 2131 413 2155 ac
460 2126 675 2168 postremo
714 2132 735 2155 «
766 2116 965 2162 Infinitas,
1016 2117 1162 2167 inquit,
1215 2117 1307 2154 Deo
1347 2115 1522 2166 Optimo
1572 2115 1758 2154 Maximo

194 2189 350 2239 gratias
399 2189 475 2227 hac
523 2189 575 2226 de
624 2202 747 2226 causa
795 2202 897 2239 ago;
938 2187 1281 2239 quandoquidem
1316 2187 1587 2238 postmodum
1621 2186 1764 2225 civiles

194 2268 465 2311 tempestates
499 2260 564 2297 vel
597 2259 851 2310 asperrimae
886 2259 1220 2302 intercesserunt,
1257 2274 1279 2296 a
1312 2258 1463 2309 quibus
1497 2258 1672 2296 fortasse
1706 2257 1763 2295 in-

192 2331 368 2370 columis
401 2330 644 2381 neutiquam
679 2331 918 2375 evasissem,
955 2330 1031 2369 nisi
1067 2344 1131 2369 me
1156 2330 1235 2368 iam
1271 2329 1310 2367 in
1345 2328 1557 2380 religionis
1592 2337 1760 2379 portum

194 2403 445 2453 recepissem
474 2417 511 2441 ›>.

284 2474 329 2511 In
363 2473 556 2512 tirocinio
590 2472 755 2523 pietatis
793 2473 948 2523 Bayma
981 2472 1141 2511 cunctis
1164 2486 1207 2510 se
1232 2470 1437 2522 probavit,
1473 2478 1518 2509 ut
1551 2469 1592 2508 in
1625 2483 1760 2508 exem-

195 2545 310 2596 plum
359 2545 547 2583 eluxerit.
585 2544 758 2582 Biennio
808 2544 1010 2589 confecto,
1061 2543 1323 2588 rhetoricam,
1365 2542 1471 2580 Isa'ia
1504 2540 1762 2580 Carminatio

194 2615 381 2660 doctore,
416 2629 570 2653 annum
604 2628 732 2652 unum
767 2614 955 2660 recoluit,
990 2622 1115 2664 atque
1149 2613 1255 2652 inter
1286 2612 1494 2663 aequales,
1529 2611 1671 2662 magni
1705 2611 1764 2648 in-

194 2685 306 2734 genii
339 2685 638 2731 adolescentes,
673 2684 791 2723 facile
815 2685 1009 2736 princeps
1032 2684 1197 2722 habitus
1221 2691 1296 2722 est.
1332 2684 1474 2734 Quum
1508 2682 1649 2733 itaque
1671 2682 1760 2720 sine

193 2756 347 2795 cortice
396 2770 493 2794 nare
541 2764 696 2806 posset,
749 2755 872 2794 Iriam
921 2763 984 2793 est
1031 2755 1204 2800 missus3
1255 2768 1337 2805 qua
1380 2753 1419 2792 in
1453 2754 1555 2792 urbe
1587 2752 1759 2799 litteras,

192 2826 344 2877 quibus
376 2827 428 2865 ab
462 2826 721 2865 humanitate
754 2826 799 2864 fit
832 2839 998 2871 nomen,
1034 2824 1247 2863 biennium
1292 2824 1446 2863 docuit.
1484 2823 1759 2862 Postmodum

194 2898 469 2948 philosophos
518 2898 557 2935 in
591 2897 770 2948 collegio
818 2896 1046 2936 taurinensi
1095 2897 1170 2935 SS.
1222 2896 1455 2946 Martyrum
1504 2894 1684 2941 audivit3
1717 2901 1759 2932 et
