1926 3200
862 242 1123 288 —196—

206 344 393 395 quidque
426 345 607 385 tandem.
650 345 794 383 divino
829 359 1001 384 munere
1050 346 1239 397 impulsa,
1290 357 1501 398 praestare
1550 349 1602 387 sit
1649 350 1773 400 potis.

210 417 325 454 Haec
348 416 457 454 enim
482 416 621 454 omnia
649 417 807 466 Bayma
829 416 1039 466 sapienter
1063 417 1292 456 admodum
1316 419 1489 469 protulit
1512 419 1551 457 in
1577 420 1774 459 medium.

209 487 255 525 Id
291 487 428 537 ipsum
463 486 538 525 viri
589 486 771 537 ingenio,
814 487 1015 529 doctrina,
1062 502 1108 526 ac
1152 488 1308 539 pietate
1350 490 1538 540 spectati,
1583 491 1777 541 privatim

208 559 273 596 vel
307 557 484 608 publice,
521 558 629 596 ultro
663 566 759 595 sunt
791 558 980 608 professi.
1008 559 1100 597 Hos
1124 558 1230 598 inter
1252 559 1328 599 fuit
1353 560 1396 598 P.
1423 560 1540 599 Felix
1563 561 1775 612 Sopranis,

209 628 448 680 provinciae
492 642 687 667 romanae
727 629 1005 679 praepositus.
1042 630 1124 668 Hic
1162 631 1370 677 nimirum,
1406 645 1487 682 qua
1530 641 1779 683 tempestate

210 702 366 751 Bayma
410 701 591 738 Romam
635 700 770 746 venit,
816 714 945 751 quum
989 702 1169 752 opellam
1218 703 1487 754 perlegisset,
1532 718 1679 742 suasor
1721 704 1777 742 illi

208 773 297 818 suit,
339 781 383 810 ut
427 785 517 810 eam
552 770 708 822 publici
744 770 843 809 iuris
876 772 1041 811 faceret.
1079 773 1171 811 Pari
1206 774 1334 812 modo
1378 775 1422 813 P.
1458 775 1635 813 Ioannes
1669 775 1779 814 Roo-

208 844 346 887 thaan,
393 842 614 882 Societatis
658 853 825 883 nostrae
858 845 1123 895 praepositus
1160 845 1379 896 generalis,
1414 860 1497 884 non
1532 846 1667 884 minus
1691 860 1780 885 san-

208 914 349 953 ctitate
383 924 423 953 et
456 914 658 961 doctrina,
704 929 830 966 quam
874 915 1122 954 auctoritate
1165 916 1311 959 clarus,
1358 917 1495 967 opella
1528 917 1658 955 oculis
1690 931 1779 968 per-

207 987 376 1025 lustrata
412 995 538 1036 atque
570 986 623 1024 ad
655 986 854 1025 trutinam
893 996 1099 1033 revocata,
1134 988 1307 1025 summis
1340 997 1551 1026 auctorem
1586 988 1777 1027 laudibus

207 1057 453 1103 cumulavit;
488 1057 611 1108 eique
643 1057 869 1108 plurimum
903 1066 965 1097 est
1003 1059 1249 1109 gratulatus,
1291 1059 1405 1109 quod
1437 1067 1525 1097 tum
1559 1059 1641 1097 stili
1685 1060 1778 1098 sim—

208 1128 405 1179 plicitate,
447 1138 535 1167 tum
579 1128 879 1168 sententiarum
923 1129 1148 1180 gravitate,
1193 1129 1440 1180 scriptorem
1484 1131 1536 1169 ad
1578 1131 1778 1170 amussim

207 1200 433 1243 retulisset,
479 1214 604 1251 quem
638 1199 716 1238 sibi
751 1199 1000 1239 imitandum
1034 1200 1337 1251 proposuisset.

298 1272 444 1322 Itaque
479 1272 648 1322 Baynm,
684 1271 768 1322 qui,
793 1280 1017 1322 antequam
1052 1272 1092 1310 in
1122 1272 1257 1311 Gallia
1290 1272 1395 1311 inter
1428 1273 1627 1312 tertianos
1661 1273 1776 1324 pium

207 1343 445 1382 tirocinium
479 1343 677 1394 expleret,
713 1350 940 1381 extremam
975 1344 1135 1394 opellae
1159 1357 1327 1382 manum
1359 1344 1628 1395 imposuerat,
1663 1345 1774 1384 illam

207 1416 369 1453 Romae
413 1415 692 1466 evulgandam
732 1414 904 1453 curavit.
951 1416 1047 1466 Quo
1086 1429 1187 1454 vero
1230 1415 1466 1466 scriptoris,
1513 1430 1637 1466 quem
1681 1417 1777 1455 stilo

207 1495 481 1536 expresserat,
517 1484 766 1524 modestiam
802 1485 1045 1529 imitaretur,
1087 1500 1207 1524 suum
1248 1500 1401 1524 nomen
1445 1486 1560 1537 operi
1605 1487 1775 1525 minime

209 1557 430 1608 inscripsit.
472 1558 534 1596 Ita
571 1557 732 1603 accidit,
769 1566 813 1596 ut
852 1558 931 1596 hoc
970 1557 1118 1596 iterum
1157 1557 1253 1596 alibi
1298 1558 1503 1604 ederetur,
1543 1567 1584 1597 et
1622 1572 1777 1597 nomen

211 1629 253 1667 P.
291 1628 457 1667 loannis
501 1628 737 1670 Roothaan.
784 1628 945 1667 inscitia
989 1628 1174 1674 editoris,
1220 1628 1458 1679 praeferret.
1504 1629 1616 1680 Quin
1650 1629 1775 1668 etiam

208 1699 468 1743 exstiterunt,
504 1698 575 1749 qui
610 1698 718 1736 idem
753 1712 860 1749 opus
894 1698 1073 1749 cuipiam
1108 1699 1327 1745 monacho,
1362 1700 1427 1738 vel
1460 1699 1673 1746 Gersenii,
1708 1699 1774 1738 vel

208 1771 398 1809 Thomae
446 1785 468 1808 a
518 1769 695 1820 Kempis
744 1770 906 1820 aequali
956 1769 1189 1809 tribuerint.
1236 1771 1352 1809 Haec
1395 1784 1460 1809 res
1499 1771 1552 1809 ad
1594 1771 1777 1821 Baymae

207 1842 373 1880 laudem
408 1855 608 1892 magnum
643 1850 901 1880 momentum
937 1841 1093 1880 habuit.
1141 1842 1299 1892 Itaque,
1334 1841 1505 1880 vixdum
1538 1841 1701 1880 libellus
1734 1841 1775 1880 in

208 1912 423 1964 publicum
456 1913 568 1963 apud
602 1922 764 1951 exteras
809 1912 998 1951 nationes
1043 1913 1211 1963 prodiit,
1257 1913 1421 1964 magnis
1464 1913 1678 1964 plausibus
1711 1927 1777 1952 ex-

208 1992 355 2034 ceptus
388 1992 462 2029 est,
498 1992 541 2022 ut
575 1983 689 2022 brevi
729 1992 919 2034 tempore
953 1983 993 2021 in
1026 1985 1263 2034 complures
1306 1998 1520 2022 sermones
1552 1984 1775 2023 translatus

207 2055 271 2096 sit,
308 2054 448 2105 prouti
482 2054 652 2093 inferius
686 2068 762 2093 suo
796 2055 889 2093 loco
922 2055 1180 2093 docebimus.

298 2125 482 2164 Tametsi
523 2126 680 2176 Bayma
722 2126 906 2164 libellum
950 2126 1281 2177 conscripserat,
1327 2134 1371 2165 ut
1413 2125 1773 2164 contubernalium

209 2197 497 2248 quaestionem
531 2196 763 2243 dirimeret,
804 2206 943 2236 tamen
984 2197 1024 2235 in
1063 2211 1113 2236 eo
1157 2196 1368 2236 exarando
1403 2196 1482 2235 Dei
1521 2197 1685 2235 laudem
1733 2204 1775 2235 et

209 2268 442 2306 animarum
476 2268 653 2306 salutem
687 2268 911 2319 praecipue
936 2269 990 2306 ob
1014 2269 1157 2306 oculos
1186 2267 1342 2306 habuit.
1379 2268 1427 2306 Id
1460 2281 1588 2318 porro
1620 2275 1683 2305 est
1714 2280 1776 2306 as-

207 2348 411 2390 sequutus
434 2347 548 2377 tanta
581 2339 787 2385 felicitate,
819 2348 864 2378 ut
897 2353 981 2378 non
1015 2340 1143 2378 modo
1176 2339 1364 2385 aliorum,
1396 2339 1469 2377 sed
1503 2338 1626 2377 etiam
1655 2352 1773 2377 suam

210 2410 341 2460 ipsius
375 2410 709 2460 expectationem
744 2410 1016 2461 superaverit.
1041 2410 1221 2457 Etenim,
1246 2423 1375 2461 quum
1398 2409 1509 2456 olim,
1534 2417 1670 2448 aetate
1692 2409 1773 2448 iam

209 2482 380 2524 devexa,
418 2481 457 2519 111
491 2481 786 2532 gravissimum
821 2482 1036 2520 oculorum
1071 2481 1264 2520 morbum
1304 2480 1527 2522 incidisset,
1563 2489 1606 2519 ut
1640 2494 1774 2531 neque

209 2552 403 2601 legendo.
439 2565 574 2602 neque
607 2552 828 2590 scribendo
862 2551 941 2590 iam
976 2561 1085 2590 esset
1120 2551 1307 2595 idoneus,
1342 2564 1388 2589 ac
1421 2559 1635 2601 praeterea
1667 2564 1775 2589 acer—

209 2622 392 2661 bissimis
438 2623 628 2673 corporis
676 2623 893 2662 doloribus
941 2632 981 2662 et
1034 2623 1161 2661 animi
1208 2622 1437 2673 angoribus
1484 2622 1771 2667 afflictaretur,

210 2695 434 2745 quemdam
468 2709 490 2732 e
523 2694 607 2732 suis
631 2694 845 2733 sodalibus
868 2694 988 2733 enixe
1011 2693 1190 2743 rogavit,
1215 2702 1259 2732 ut
1282 2693 1467 2732 eiusdem
1500 2693 1627 2732 libelli
1649 2700 1774 2744 caput

210 2765 381 2816 aliquod
415 2765 491 2804 sibi
525 2766 665 2816 legere
698 2779 749 2804 ne
781 2766 1045 2804 detrectaret.
1082 2766 1176 2816 Qua
1219 2778 1261 2803 re
1294 2764 1411 2803 facile
1455 2764 1687 2815 impetrata,
1721 2764 1773 2802 ad

209 2845 439 2874 extremum
473 2854 495 2873 «
524 2836 745 2887 Equidem,
782 2836 928 2887 inquit,
962 2837 1147 2875 futurum
1192 2850 1276 2874 non
1318 2835 1590 2881 credideram,
1630 2843 1675 2873 ut
1708 2834 1775 2873 illa

211 2907 355 2945 eadem
390 2908 528 2945 senior
562 2908 601 2945 in
636 2922 701 2946 me
736 2908 824 2958 ipse
857 2908 1079 2958 experirer.
1116 2921 1222 2958 quae
1266 2906 1402 2945 iunior
1444 2907 1523 2945 hoc
1561 2906 1602 2944 in
1633 2906 1774 2944 libello
