1926 3200
798 225 1056 261 —151—

152 337 202 361 ne
249 336 445 373 supremo
482 322 544 360 sui
587 329 729 360 coetus
773 319 975 369 regimine
1023 333 1067 358 se
1113 318 1324 357 abdicaret
1354 320 1430 369 (1).
1488 319 1584 357 Non
1627 317 1708 356 exi-

150 407 294 443 guam.
330 407 405 431 nec
454 392 616 430 inanem
664 404 833 442 operam
882 389 1093 435 adhibuit,
1143 397 1187 428 ut
1235 389 1414 428 Sanctus
1463 388 1709 427 Franciscus

149 463 330 502 Salesius
364 462 403 500 in
438 462 646 501 Ecclesiae
670 460 909 501 Catholicae
937 460 1158 499 doctorum
1182 460 1320 498 album
1351 459 1706 498 transcriberetur.

152 535 215 573 De
248 535 324 573 bac
356 548 483 585 porro
516 532 699 572 Ecclesia
741 532 796 571 ita
837 531 1053 578 sentiebat,
1087 545 1243 582 eosque
1291 544 1506 570 sermones
1555 530 1708 569 habere

151 613 434 646 consueverat.
484 604 657 655 perinde
704 617 750 641 ac
798 602 848 641 (le
897 610 1027 640 matre
1060 602 1313 652 loqueretur.
1350 602 1496 652 Itaque
1544 600 1584 639 in
1618 614 1710 651 pro-

149 689 269 726 spera
302 675 548 713 christianae
596 673 846 724 reipublicae
889 673 1066 717 fortuna,
1111 672 1267 711 laetitia
1300 672 1525 723 gestiebat;
1561 671 1600 709 in
1640 670 1710 709 ad-

148 761 265 785 versa
299 759 410 789 vero,
445 754 560 785 tanto
594 758 782 783 moerore
805 744 1070 790 afficiebatur,
1096 752 1141 782 ut
1164 743 1203 782 in
1233 743 1423 782 lacrimas
1456 749 1706 793 erumperet.

154 818 216 856 De
239 831 282 855 se
305 816 564 867 loquebatur,
585 815 642 853 uti
662 815 712 853 de
730 814 898 853 homine
917 815 1039 853 rebus
1058 814 1312 865 quibuslibet
1331 813 1527 864 gerendis
1552 813 1707 863 inepto.

151 886 355 927 Caelestia
400 893 604 936 perpetuo
654 884 856 929 inhiabat,
908 892 1054 935 utpote
1101 884 1166 923 cui
1214 892 1378 923 terrena
1425 883 1566 922 onmia
1614 882 1710 921 vile-

151 966 323 1000 scerent.
358 956 742 1006 sordescerentque.
785 956 992 1006 Quocirca
1032 969 1144 994 mors
1187 969 1281 994 eum
1322 955 1572 1006 imparatum
1621 967 1705 993 non

149 1028 333 1067 offendit.
368 1026 592 1078 Acquievit
626 1027 809 1071 Romae,
846 1040 955 1065 anno
993 1026 1219 1065 christiano
1259 1036 1600 1071 MDCCCLXxxv;
1636 1038 1710 1063 nec

150 1099 370 1150 quisquam
405 1106 467 1137 est
500 1106 708 1148 repertus,
744 1097 814 1148 qui
848 1097 899 1135 (le
942 1111 991 1135 eo
1035 1097 1215 1148 aliquid.
1261 1096 1338 1135 nisi
1372 1104 1572 1137 mortem,
1617 1108 1711 1133 con-

150 1178 322 1220 questus
356 1169 407 1208 sit
430 1171 507 1220 (2).
