1926 3200
175 363 335 399 runtur‚
370 353 499 404 (ligna
533 353 704 391 omnino
738 366 844 403 quae
868 351 998 390 oculis
1023 359 1287 400 usurpentur,
1314 349 1441 387 menti
1466 349 1682 393 insideant,
1707 357 1747 387 et

174 439 219 463 re
252 425 551 476 exprimantur.

265 496 357 534 Hae
390 494 560 546 quidem
594 493 910 532 benevolentiae
935 501 974 530 ct
999 491 1169 530 honoris
1208 490 1536 541 significationes
1569 490 1683 528 domi
1725 504 1747 527 a

172 566 387 607 sodalibus
422 567 584 604 Franco
628 572 723 603 sunt
768 563 953 602 habitae:
998 577 1133 613 neque
1177 576 1276 600 vero
1324 561 1505 599 minores
1553 560 1652 599 foris
1695 561 1745 598 ab

172 637 262 677 aliis
311 645 408 675 sunt
451 635 674 674 exhibitae.
727 635 905 673 Ioannes
962 635 1147 675 Boscus.
1190 633 1307 672 cuius
1361 632 1592 670 sanctitatis
1639 632 1746 669 sama

174 717 311 748 totum
347 708 491 746 orbem
526 706 766 757 complevit,
811 705 978 756 plurimi
1022 719 1115 743 eum
1161 704 1269 747 fecit,
1314 702 1563 742 sententiam
1607 716 1747 753 saepe-

172 793 348 818 numero
381 777 560 829 rogavit,
610 777 832 827 eidemque
882 776 1011 814 multa
1055 775 1195 814 retulit
1227 783 1409 825 accepta.
1445 773 1631 812 Aloisius
1664 774 1746 812 An-

172 851 344 903 glesius‚
379 850 450 900 qui
485 848 777 887 Venerabilem
812 847 946 886 virum
984 847 1209 898 Iosephum
1235 846 1549 896 Cottolengum,
1587 844 1626 882 in
1660 843 1747 882 eius

173 922 242 973 pia
275 921 495 960 sodalitate
529 920 788 958 moderanda
821 918 981 970 primus
1015 917 1190 968 excepit,
1217 917 1440 955 maximam
1465 930 1558 954 cum
1584 916 1745 953 Franco

173 992 523 1033 consuetudinem
560 991 667 1034 iniit:
708 991 796 1029 eius
835 989 1107 1028 concionibus
1146 989 1312 1027 assidue
1351 987 1554 1029 interfuit,
1594 999 1748 1036 easque

176 1078 337 1110 omnes,
374 1063 463 1101 illas
488 1062 744 1114 praesertim,
771 1076 877 1112 quae
901 1061 952 1099 ad
986 1061 1140 1099 clerum
1172 1060 1444 1100 habebantur,
1471 1058 1644 1096 summis
1667 1057 1749 1094 lau-

174 1135 298 1174 dibus
331 1134 491 1173 extulit.
529 1135 677 1184 Neque
717 1133 853 1171 minus
887 1132 1173 1182 compluriliuis
1218 1130 1359 1169 Italiae
1408 1128 1642 1180 Episcopis,
1679 1125 1749 1178 qui

173 1221 270 1245 eum
295 1206 483 1246 certatim
507 1206 771 1256 expetebant,
804 1205 990 1242 Francus
1021 1203 1226 1241 iucundus
1254 1202 1425 1240 exstitit.
1457 1202 1620 1239 Horum
1651 1213 1749 1237 non-

174 1278 276 1316 nulli
309 1278 361 1316 ab
395 1276 661 1315 intei·i‹s›1·ibus
695 1274 878 1314 consiliis
911 1288 1005 1312 eum
1031 1274 1226 1312 habuere.
1253 1272 1476 1311 Caietanus
1509 1270 1748 1316 Alimmrda,

175 1350 298 1387 Pater
331 1348 576 1389 Cardinalis,
612 1345 968 1396 Archiepiscopus
992 1343 1327 1386 Taurinensium,
1351 1342 1530 1381 eundem
1565 1341 1670 1380 inter
1694 1341 1749 1379 iu-

175 1420 290 1459 dices
308 1428 423 1459 extra
448 1419 668 1470 Synodum
687 1416 1048 1456 transcribendum
1073 1415 1245 1454 curavit.
1271 1401 1521 1464 Complures
1545 1412 1750 1451 antistites

180 1488 355 1534 romani,
405 1496 445 1526 et
493 1487 653 1538 aliquot
701 1485 826 1525 etiam
875 1485 915 1523 in
961 1485 1130 1523 Patrum
1165 1490 1491 1534 purpuratorum
1526 1480 1749 1531 collegium

180 1560 327 1611 optati,
363 1559 452 1598 eius
486 1573 614 1610 opera
646 1566 743 1596 sunt
781 1557 855 1595 usi.
892 1557 1085 1607 Quorum
1129 1568 1235 1593 unus
1273 1554 1309 1592 ei
1343 1561 1489 1591 auctor
1527 1566 1573 1590 ac
1607 1565 1753 1590 suasor

178 1631 268 1678 fuit,
304 1639 348 1670 ut
382 1630 536 1669 Leonis
570 1630 689 1672 XIII,
725 1628 887 1668 Summi
929 1626 1142 1665 Pontificis
1176 1626 1404 1667 decretum,
1440 1635 1522 1662 XIX
1550 1623 1751 1661 kalendas

177 1702 384 1741 ianuarias
408 1716 517 1740 anno
542 1712 761 1740 MDCCCXC
786 1698 1116 1750 promulgatum,
1142 1696 1348 1747 religiosis
1372 1695 1549 1741 familiis,
1575 1709 1750 1746 quarum

177 1773 393 1817 intererat,
429 1780 794 1811 commentaretur.
841 1769 924 1821 Qui
960 1769 1169 1811 Pontifex,
1211 1766 1513 1806 commentario
1551 1766 1749 1817 perlecto.

174 1844 424 1895 scriptorem
459 1856 716 1894 magnopere
755 1840 956 1882 laudavit.
997 1840 1170 1890 eiusque
1210 1852 1381 1889 operam
1421 1845 1552 1876 ratam
1592 1836 1749 1874 habuit.

180 1916 310 1961 Idem,
346 1915 592 1966 pontificatu
627 1927 801 1952 romano
845 1912 914 1950 vix
963 1911 1078 1957 inito,
1115 1912 1322 1949 Francum
1356 1907 1656 1947 humanissime
1689 1921 1753 1945 ex-

177 1987 302 2038 cepit,
323 1986 375 2025 de
395 1985 587 2024 maximis
607 1984 818 2023 Ecclesiae
836 1982 1077 2022 Catholicae
1096 1981 1277 2031 negotiis
1297 1994 1391 2019 cum
1415 1994 1465 2018 eo
1489 1987 1551 2018 est
1570 1979 1750 2023 locutus,

176 2066 219 2097 et
242 2058 384 2109 magni
408 2057 582 2096 omnino
617 2056 830 2095 hominem
854 2055 1000 2097 facere.
1026 2053 1148 2104 eique
1187 2053 1315 2091 fidere
1353 2059 1415 2090 est
1449 2050 1576 2089 visus.
1608 2049 1751 2088 Serius

176 2143 273 2168 eum
292 2128 508 2168 arcessivit
527 2129 721 2173 Romam,
742 2135 787 2165 ut
806 2125 1105 2171 sacerdotibus,
1132 2124 1202 2175 qui
1226 2121 1552 2174 frequentissimi
1576 2133 1753 2172 peregre

178 2200 220 2239 in
255 2201 414 2239 Urbem
449 2207 743 2241 convenerant,
781 2197 921 2237 Sancti
958 2195 1110 2247 Ignatii
1144 2210 1166 2233 a
1201 2195 1346 2233 Loiola
1379 2193 1469 2245 pias
1502 2200 1755 2232 commenta-

178 2272 315 2312 tiones
348 2272 598 2310 enuclearet.
635 2271 684 2309 Id
717 2284 818 2309 vero
854 2271 1040 2307 Francus
1075 2268 1115 2305 in
1149 2267 1307 2318 templo
1341 2265 1547 2304 sodalium
1581 2263 1754 2302 Salesia-

180 2356 344 2388 norum,
380 2343 658 2381 Sacrosancto
693 2342 786 2379 Iesu
822 2340 951 2379 Cordi
990 2339 1140 2381 dicato,
1176 2338 1228 2376 ad
1264 2338 1458 2376 Castrum
1494 2333 1754 2373 Praetorium

179 2413 354 2465 egregie
387 2413 609 2464 praestitit.

272 2484 423 2523 Postea
456 2498 556 2522 vero
590 2497 715 2534 quam
741 2483 926 2520 Francus
949 2495 971 2519 e
1004 2480 1109 2519 vivis
1133 2478 1321 2519 excessit,
1348 2486 1388 2516 et
1412 2476 1558 2515 mortis
1582 2474 1757 2514 nuncius

180 2562 244 2593 est
276 2553 446 2599 diditus,
482 2553 581 2592 boni
615 2566 761 2592 omnes
806 2564 1063 2602 magnopere
1096 2557 1192 2587 sunt
1225 2547 1437 2588 commoti,
1473 2556 1513 2585 et
1546 2544 1757 2597 praeclara

181 2625 270 2663 eius
318 2624 524 2667 facinora,
574 2632 644 2662 aut
687 2622 883 2674 privatis,
928 2629 999 2659 aut
1047 2619 1223 2671 publicis
1271 2617 1535 2657 sermonibus
1584 2616 1757 2654 illustra-

180 2703 288 2734 runt.
314 2695 564 2746 Complures
584 2694 673 2739 viri,
695 2693 924 2733 nobilitate.
945 2691 1009 2730 vel
1028 2689 1218 2729 doctrina
1237 2697 1510 2740 praestantes,
1537 2694 1750 2725 matronae

181 2766 524 2817 spectatissimae.
562 2764 772 2803 Ordinum
818 2762 1112 2813 religiosorum
1156 2759 1340 2811 supremi
1379 2758 1679 2799 moderatores.
1715 2764 1755 2794 et

184 2836 349 2887 piorum
384 2844 581 2875 coetuum
616 2835 834 2877 antistites,
861 2833 961 2884 quin
985 2832 1110 2871 etiam
1135 2830 1346 2882 Episcopi.
1379 2829 1530 2880 aliique
1564 2840 1757 2878 proceres

180 2920 335 2952 sacrae,
392 2906 456 2945 vel
510 2905 642 2944 civilis
696 2904 962 2956 reipublicae.
1019 2903 1071 2941 ad
1125 2901 1416 2953 praepositum
1460 2907 1628 2937 nostrae
1667 2903 1760 2947 pro*
