1926 3200
848 220 1078 264 —39—

185 323 237 361 de
270 337 312 361 re
351 323 502 365 critica,
554 321 699 360 morali
748 330 787 360 et
836 321 1031 371 religiosa
1073 331 1284 360 accuratas
1332 323 1571 365 admffllum,
1621 332 1745 374 atque

185 393 381 432 eruditas.

273 465 355 503 Sex
387 478 518 503 annos
551 465 630 503 hoc
654 463 789 502 officio
812 463 1066 514 perfunctus,
1103 463 1297 513 praefecti
1321 464 1556 503 scholarum
1593 479 1743 503 munus

183 535 223 573 in
258 535 448 586 Collegio
489 536 682 574 Romano
720 543 782 573 est
824 547 1070 585 aggressus;
1111 533 1317 585 simulque
1357 535 1573 573 iuvenibus
1612 536 1743 586 philo-

181 606 325 657 sophis
359 615 524 645 nostrae
558 605 778 645 Societatis
826 605 982 644 litteras
1031 604 1252 643 hellenicas
1296 606 1514 649 enarravit,
1551 606 1740 657 illosque,

181 677 269 716 eius
302 677 616 728 praeceptiones
650 677 889 715 avidissime
912 675 1177 726 excipientes,
1209 676 1424 726 politiores
1457 686 1670 715 oratorum
1694 692 1740 716 ac

180 754 397 799 po'e'tarum
432 761 676 799 graecorum
711 755 949 785 venustates
983 760 1107 797 quam
1142 747 1374 785 diutissime
1408 748 1563 786 docuit.
1601 748 1677 786 Per
1701 749 1741 787 id

182 819 305 857 etiam
341 828 518 869 tempus,
553 818 750 856 nonnulla
783 831 909 867 opera
942 817 1101 855 edenda
1134 817 1304 861 curavit,
1341 831 1447 868 quae
1481 818 1519 856 in
1564 819 1742 857 maxima

179 889 365 928 eiusdem
399 888 563 939 collegii
598 888 847 926 bibliotheca
871 887 1025 926 iamdiu
1050 888 1242 933 latebant,
1268 902 1459 939 quaeque
1493 889 1661 927 inferius
1685 904 1742 927 re-

178 959 451 998 censebimus.
478 959 578 997 Eius
602 958 711 997 enim
735 958 1010 997 bibliothecae
1034 958 1243 1009 praesecto
1267 959 1426 1009 primus
1456 959 1593 997 socius
1617 975 1638 998 a
1662 975 1742 998 ma-

179 1030 401 1080 nuscriptis
434 1029 647 1068 codicibus
670 1028 919 1079 evulgandis
942 1028 1075 1067 fuerat
1108 1029 1243 1067 datus.
1281 1029 1499 1068 Praeterea
1522 1030 1737 1077 librmrun,

179 1100 248 1152 qui
288 1115 311 1139 a
349 1100 501 1139 nostris
539 1100 752 1139 sodalibus
797 1100 1031 1142 ederentur.
1067 1114 1214 1139 censor
1247 1110 1309 1139 est
1342 1100 1489 1139 dictus.

267 1171 438 1209 Nullum
462 1171 538 1210 sibi
562 1171 810 1222 praeterlabi
834 1170 944 1209 diem
968 1170 1141 1214 sinebat,
1167 1171 1266 1222 quin
1301 1171 1441 1210 studio
1476 1186 1645 1222 operam
1671 1172 1741 1210 im-

175 1242 389 1293 penderet,
424 1251 549 1293 atque
582 1242 661 1281 hoc
695 1242 830 1292 ipsum
865 1241 1108 1292 saepissime
1141 1242 1193 1280 ad
1227 1243 1398 1281 multam
1440 1252 1603 1281 noctem
1650 1258 1741 1294 pro-

177 1313 368 1352 ducebat.
420 1313 627 1364 Quocirca
674 1313 810 1364 lepide
858 1313 1085 1359 dictitabat,
1135 1327 1178 1351 se
1227 1314 1319 1364 plus
1368 1314 1446 1352 olei
1495 1328 1740 1353 consumere

174 1384 344 1423 solitum
378 1399 502 1435 quam
537 1385 633 1424 vini.
671 1385 875 1435 Nuspiam
909 1398 1016 1429 eum,
1062 1384 1139 1423 nisi
1175 1385 1214 1423 in
1248 1385 1359 1429 ludo,
1401 1385 1440 1423 in
1475 1385 1738 1430 bibliotheca,

174 1455 215 1493 in
248 1455 360 1501 cella,
396 1456 460 1493 vel
494 1455 533 1493 in
568 1456 725 1506 templo
757 1454 889 1506 culpis
924 1469 1000 1505 pro
1033 1469 1150 1493 sacro
1184 1455 1378 1493 tribunali
1411 1456 1641 1497 abluendis,
1682 1470 1740 1494 re-

176 1525 311 1576 perire
344 1525 504 1565 licebat.
539 1526 597 1564 At
629 1540 740 1568 vero,
776 1526 890 1576 quod
913 1526 965 1564 de
988 1539 1031 1564 se
1055 1525 1235 1564 demisse
1263 1526 1491 1564 admodum
1520 1528 1736 1571 sentiebat,

176 1596 345 1647 suisque
363 1596 520 1635 viribus
539 1596 755 1635 minimum
775 1597 940 1642 fidebat,
960 1597 1054 1635 licet
1073 1596 1290 1647 insigniter
1308 1597 1457 1636 doctus
1475 1611 1521 1636 ac
1545 1597 1737 1643 disertus,

175 1666 215 1704 in
248 1676 520 1718 conspectum
554 1667 736 1718 prodire,
771 1668 943 1718 perinde
976 1682 1022 1706 ac
1055 1667 1088 1706 si
1123 1667 1420 1706 infantissimus
1463 1678 1584 1710 esset.
1629 1682 1740 1707 vere—

175 1738 310 1776 batur.
347 1738 456 1776 Hinc
489 1737 611 1776 etiam
646 1746 707 1776 est
739 1738 904 1784 factum,
940 1747 984 1777 ut
1026 1738 1261 1788 complures
1295 1738 1451 1789 ingenii
1485 1739 1546 1777 sui
1582 1739 1738 1778 fructus

175 1808 408 1858 posteritati
441 1809 689 1859 consignare
722 1809 982 1848 detrectaret.

264 1879 475 1930 Singulari
508 1879 584 1918 fuit
618 1879 657 1917 in
691 1893 836 1918 omnes
869 1879 1053 1918 bonitate
1077 1889 1117 1919 et
1146 1880 1359 1921 comitate:
1395 1889 1651 1931 quapropter
1674 1881 1737 1919 his

174 1949 397 1988 virtutibus
430 1950 620 2001 singulos
653 1950 730 1988 sibi
763 1950 961 1988 devinxit.
999 1950 1094 1988 Pius
1129 1950 1167 1988 in
1211 1951 1461 2001 exemplum.
1496 1964 1661 1989 summo
1696 1951 1733 1988 in

176 2020 314 2059 Deum
367 2029 407 2059 et
460 2022 655 2059 mortales
709 2035 849 2059 amore
902 2021 1079 2066 exarsit,
1136 2035 1270 2072 neque
1329 2022 1452 2059 ullam
1510 2035 1603 2059 cum
1648 2022 1731 2059 ullo

174 2090 424 2129 simultatem
459 2091 601 2142 gessit.
638 2092 775 2142 Quam
815 2092 868 2130 ob
902 2105 988 2129 rem
1033 2105 1244 2142 nunquam
1287 2091 1364 2142 ipsi
1397 2105 1490 2130 cum
1536 2092 1733 2142 quopiam

175 2161 215 2199 in
238 2161 415 2212 gratiam
449 2162 708 2200 redeundum
742 2162 829 2201 fuit.
867 2163 977 2201 Inter
1009 2162 1096 2200 eius
1145 2161 1318 2200 virtutes
1361 2162 1559 2201 demissio
1607 2162 1734 2200 animi

172 2245 271 2282 prae
319 2232 465 2270 ceteris
503 2232 643 2271 eluxit.
694 2232 884 2283 Speciem
933 2241 1145 2283 praeterea
1188 2232 1331 2270 habuit
1370 2232 1731 2271 modestissimam.

175 2302 444 2353 Quapropter
477 2303 547 2353 qui
580 2317 674 2341 eum
709 2303 985 2347 intuebantur,
1031 2312 1071 2341 et
1105 2303 1254 2353 qualis,
1300 2311 1564 2353 quantusque
1612 2312 1732 2345 esset.

173 2380 333 2410 tantum
366 2373 474 2411 sama
497 2382 709 2417 noverant,
741 2387 865 2424 aegre
889 2373 1115 2411 admodum
1139 2372 1216 2411 sibi
1241 2373 1491 2423 persuadere
1525 2382 1730 2423 poterant.

173 2442 242 2481 tali
275 2443 351 2481 sub
384 2443 521 2494 specie
571 2443 705 2482 virum
754 2444 1015 2494 philologum
1064 2443 1185 2481 celari
1228 2443 1317 2481 aevi
1352 2443 1413 2481 sui
1448 2443 1731 2494 praecipuum.

173 2513 319 2564 Itaque
352 2514 462 2554 utilis
496 2515 648 2559 multis,
684 2529 802 2553 carus
837 2514 1043 2557 omnibus,
1080 2515 1280 2553 molestus
1304 2514 1471 2559 nemini,
1507 2514 1635 2553 vitam
1670 2529 1734 2553 ex-

173 2583 301 2634 plevit
349 2585 743 2636 Castri—Gandulphi
777 2600 885 2624 anno
920 2596 1240 2629 MDCCCLXXXI,
1291 2585 1404 2636 quod
1453 2585 1492 2623 in
1528 2585 1731 2636 oppidum

173 2655 310 2704 paullo
343 2664 438 2694 ante
470 2670 514 2694 se
547 2664 771 2707 receperat,
808 2666 851 2694 ut
885 2656 992 2694 vires
1027 2655 1287 2694 instauraret.

259 2726 468 2765 Antonius
487 2727 747 2777 Angelinius.
769 2735 935 2765 nostrae
956 2727 1178 2765 Societatis
1202 2726 1356 2765 sodalis
1379 2727 1607 2766 litterarum
1633 2727 1735 2777 peri-

176 2796 371 2843 tissimus,
407 2798 477 2848 qui
512 2798 631 2836 Paria
664 2812 736 2848 per
770 2798 938 2848 longam
988 2811 1191 2836 annorum
1235 2798 1381 2835 seriem
1418 2797 1732 2836 familiarissime

170 2880 269 2905 usus
301 2876 399 2910 erat.
435 2868 523 2906 eius
556 2868 739 2918 elogium
774 2868 1032 2918 conscripsit,
1068 2877 1107 2906 et
1141 2868 1250 2918 typis
1286 2868 1518 2917 invulgavit
1538 2876 1615 2918 (5).
1643 2868 1730 2906 Bal-
