1926 3200
839 773 996 810 XVIII.

585 989 907 1039 losEans
967 989 1247 1038 FANTONI

268 1361 310 1388 IC
344 1349 420 1388 suit
454 1347 728 1399 Bugellensis.
764 1356 805 1386 et
839 1346 968 1385 nobili
993 1359 1147 1397 genere
1171 1353 1287 1384 ortus
1310 1358 1418 1382 anno
1444 1353 1699 1381 MDCCCXIX.

298 1421 344 1458 In
372 1419 506 1471 patria
527 1433 550 1456 a
572 1426 704 1457 matre
727 1417 998 1469 pientissima,
1024 1415 1120 1455 dein
1144 1414 1315 1454 Taurini
1340 1415 1379 1452 in
1404 1413 1594 1465 Collegio
1620 1414 1702 1451 No-

135 1491 280 1530 bilium
304 1505 326 1529 a
344 1490 497 1529 nostris
516 1489 726 1528 sodalibus
745 1488 798 1527 ad
817 1502 984 1528 omnem
1004 1487 1201 1538 pietatem
1225 1486 1400 1525 eductus
1433 1494 1507 1523 est.
1540 1484 1701 1523 Eodem

136 1562 177 1600 in
210 1560 389 1612 collegio
412 1560 460 1599 iis
484 1559 678 1598 omnibus
701 1558 905 1598 doctrinis
928 1567 990 1597 est
1019 1557 1220 1601 eruditus,
1247 1570 1353 1608 quae
1377 1555 1545 1594 iuvenili
1578 1553 1702 1593 aetati

136 1631 317 1670 maximo
350 1639 446 1669 sunt
468 1631 799 1673 honestamento,
826 1638 866 1668 et
890 1628 1209 1667 contubernales
1244 1627 1414 1678 ingenio
1448 1634 1489 1665 et
1512 1625 1702 1664 doctrina

135 1716 262 1754 quam
294 1700 540 1753 longissime
572 1699 757 1739 anteivit.
783 1698 1093 1750 Septemdecim
1116 1711 1247 1737 annos
1271 1706 1412 1739 natus.
1449 1696 1702 1735 Societatem

137 1783 323 1813 nostram
352 1771 622 1823 cupidissime
655 1770 867 1822 expetivit.
904 1771 1030 1821 Quod
1068 1769 1272 1820 elegantis
1307 1767 1475 1819 ingenii,
1512 1767 1703 1806 incensae

135 1844 350 1895 religionis
383 1852 425 1882 et
456 1842 563 1881 firmi
596 1841 801 1893 propositi
835 1855 919 1880 non
963 1840 1068 1879 levia
1116 1840 1304 1878 ediderat
1352 1838 1592 1890 specimina,
1642 1851 1703 1876 ce-

135 1915 276 1954 leriter
313 1913 489 1965 arripuit
521 1913 637 1964 quod
669 1912 858 1950 alacriter
891 1910 1133 1962 postulavit.

225 1986 383 2024 Exacto
432 1983 571 2024 Cherii
621 1982 691 2034 pio
739 1981 943 2026 tirocinio,
993 1981 1151 2020 litteras
1195 1979 1496 2018 mansuetiores
1530 1976 1703 2016 recoluit

135 2057 262 2096 breve
294 2056 522 2095 admodum
571 2063 736 2105 tempus
785 2054 861 2091 sub
911 2053 1017 2091 Isa'l'a
1059 2051 1327 2096 Carminatio,
1362 2050 1457 2088 dein
1491 2048 1703 2087 biennium

134 2127 348 2179 integrum
382 2127 459 2166 sub
493 2125 683 2164 Tarditio
707 2133 747 2163 et
772 2122 1052 2162 Montanario.
1078 2122 1240 2160 Exinde
1265 2120 1435 2160 Taurini
1460 2133 1546 2158 rem
1571 2132 1706 2170 gram-

134 2197 328 2238 maticam
376 2211 531 2236 annum
580 2209 708 2234 unum
756 2194 926 2239 docuit,
974 2193 1114 2244 ibique
1158 2192 1210 2231 ad
1259 2190 1569 2243 philosophiam
1621 2197 1704 2228 tres

132 2282 268 2308 annos
318 2276 500 2307 mentem
548 2266 722 2318 appulit.
776 2265 916 2316 Quum
965 2264 1060 2302 huic
1114 2262 1357 2313 disciplinae
1410 2261 1610 2300 colendae
1658 2274 1701 2298 se

134 2338 405 2390 aptissimum
423 2336 795 2389 comprobavisset‚
817 2334 1034 2374 confestim
1059 2334 1182 2372 Iriam
1207 2342 1269 2372 est
1293 2332 1456 2376 missus.
1484 2340 1527 2370 ut
1562 2331 1601 2369 in
1627 2330 1707 2369 col·

135 2409 247 2461 legio
271 2408 492 2448 Societatis
515 2416 681 2446 nostrae
705 2406 899 2456 logicam,
933 2404 1261 2455 metaphysicam
1292 2412 1332 2442 et
1361 2402 1538 2441 ethicam
1568 2401 1704 2451 expla-

132 2489 261 2526 naret,
286 2489 338 2526 et‚
364 2479 531 2518 biennio
549 2478 728 2528 expleto,
750 2477 940 2515 Genuam
965 2475 1090 2515 venit.
1112 2483 1156 2513 ut
1175 2474 1390 2525 physicam
1415 2483 1455 2512 et
1480 2471 1699 2511 mathesim

133 2550 173 2589 in
206 2550 399 2602 Collegio
433 2549 653 2589 Albertino
687 2547 881 2586 traderet.
918 2546 1082 2597 Quibus
1128 2545 1167 2583 in
1212 2544 1454 2583 muneribus
1492 2551 1703 2594 praestan-

137 2621 323 2660 tissimus
355 2629 418 2660 est
450 2620 629 2658 habitus.

222 2691 346 2730 Anno
380 2700 701 2732 MDCCCXLVIII,
738 2701 865 2738 quum
890 2695 976 2725 tota
1002 2686 1128 2728 Italia.
1164 2700 1210 2724 ac
1244 2685 1490 2736 praesertim
1525 2683 1564 2721 in
1598 2683 1703 2721 Sub-

129 2761 291 2811 alpinis,
326 2761 471 2800 turbae
503 2773 679 2810 magnae
712 2758 925 2799 excitatae.
960 2765 1000 2795 et
1034 2756 1122 2794 iura
1154 2755 1294 2795 omnia
1327 2769 1442 2793 sacra
1474 2762 1514 2792 et
1558 2752 1695 2791 civilia

132 2832 337 2882 permixta
369 2839 518 2876 essent,
557 2829 787 2868 Fantonius
821 2828 920 2877 fuga
965 2828 1141 2866 salutem
1180 2840 1263 2865 non
1308 2825 1531 2877 quaesivit,
1568 2837 1703 2875 neque
