<?xml version="1.0" encoding="UTF-8"?>
<!DOCTYPE html PUBLIC "-//W3C//DTD XHTML 1.0 Transitional//EN"
    "http://www.w3.org/TR/xhtml1/DTD/xhtml1-transitional.dtd">
<html xmlns="http://www.w3.org/1999/xhtml" xml:lang="en" lang="en">
 <head>
  <title>
</title>
<meta http-equiv="Content-Type" content="text/html;charset=utf-8" />
  <meta name='ocr-system' content='tesseract 3.04.00' />
  <meta name='ocr-capabilities' content='ocr_page ocr_carea ocr_par ocr_line ocrx_word'/>
</head>
<body>
  <div class='ocr_page' id='page_1' title='image "./declarissodalibu00casa_0147.png"; bbox 0 0 1926 3200; ppageno 0'>
   <div class='ocr_carea' id='block_1_1' title="bbox 832 229 1091 253">
    <p class='ocr_par' dir='ltr' id='par_1_1' title="bbox 832 229 1091 253">
     <span class='ocr_line' id='line_1_1' title="bbox 832 229 1091 253; baseline 0 0"><span class='ocrx_word' id='word_1_1' title='bbox 832 229 1091 253; x_wconf 88' lang='lat'>—111—</span> 
     </span>
    </p>
   </div>
   <div class='ocr_carea' id='block_1_2' title="bbox 181 321 1766 2921">
    <p class='ocr_par' dir='ltr' id='par_1_2' title="bbox 182 321 1746 939">
     <span class='ocr_line' id='line_1_2' title="bbox 183 321 1743 375; baseline -0.002 -13"><span class='ocrx_word' id='word_1_2' title='bbox 183 338 289 375; x_wconf 84' lang='lat' dir='ltr'>quae</span> <span class='ocrx_word' id='word_1_3' title='bbox 322 324 374 362; x_wconf 89' lang='lat' dir='ltr'>ad</span> <span class='ocrx_word' id='word_1_4' title='bbox 407 323 633 363; x_wconf 76' lang='lat' dir='ltr'>civiliorem</span> <span class='ocrx_word' id='word_1_5' title='bbox 667 324 821 361; x_wconf 89' lang='lat' dir='ltr'>cultum</span> <span class='ocrx_word' id='word_1_6' title='bbox 856 336 961 372; x_wconf 75' lang='lat' dir='ltr'>opus</span> <span class='ocrx_word' id='word_1_7' title='bbox 996 331 1146 365; x_wconf 82' lang='lat' dir='ltr'>essent,</span> <span class='ocrx_word' id='word_1_8' title='bbox 1174 321 1332 359; x_wconf 87' lang='lat' dir='ltr'>minore</span> <span class='ocrx_word' id='word_1_9' title='bbox 1359 321 1573 372; x_wconf 84' lang='lat' dir='ltr'>impendio</span> <span class='ocrx_word' id='word_1_10' title='bbox 1597 337 1617 360; x_wconf 89' lang='lat' dir='ltr'>a</span> <span class='ocrx_word' id='word_1_11' title='bbox 1643 335 1743 360; x_wconf 89' lang='lat' dir='ltr'>mer-</span> 
     </span>
     <span class='ocr_line' id='line_1_3' title="bbox 183 392 1741 443; baseline -0.002 -10"><span class='ocrx_word' id='word_1_12' title='bbox 183 395 394 434; x_wconf 85' lang='lat' dir='ltr'>catoribus</span> <span class='ocrx_word' id='word_1_13' title='bbox 427 394 671 443; x_wconf 64' lang='lat' dir='ltr'>alienigenis</span> <span class='ocrx_word' id='word_1_14' title='bbox 694 393 770 431; x_wconf 84' lang='lat' dir='ltr'>sibi</span> <span class='ocrx_word' id='word_1_15' title='bbox 795 402 999 443; x_wconf 82' lang='lat' dir='ltr'>pararent.</span> <span class='ocrx_word' id='word_1_16' title='bbox 1026 392 1203 431; x_wconf 87' lang='lat' dir='ltr'>Litteras</span> <span class='ocrx_word' id='word_1_17' title='bbox 1229 402 1443 442; x_wconf 83' lang='lat' dir='ltr'>praeterea</span> <span class='ocrx_word' id='word_1_18' title='bbox 1467 392 1506 430; x_wconf 87' lang='lat' dir='ltr'>in</span> <span class='ocrx_word' id='word_1_19' title='bbox 1532 393 1741 443; x_wconf 84' lang='lat' dir='ltr'>Europam</span> 
     </span>
     <span class='ocr_line' id='line_1_4' title="bbox 184 463 1741 514; baseline -0.002 -10"><span class='ocrx_word' id='word_1_20' title='bbox 184 466 237 504; x_wconf 92' lang='lat' dir='ltr'>ad</span> <span class='ocrx_word' id='word_1_21' title='bbox 269 479 367 504; x_wconf 86' lang='lat' dir='ltr'>suos</span> <span class='ocrx_word' id='word_1_22' title='bbox 391 466 675 504; x_wconf 75' lang='lat' dir='ltr'>moderatores</span> <span class='ocrx_word' id='word_1_23' title='bbox 698 463 824 504; x_wconf 79' lang='lat' dir='ltr'>dedit,</span> <span class='ocrx_word' id='word_1_24' title='bbox 850 463 1091 514; x_wconf 89' lang='lat' dir='ltr'>praesertim</span> <span class='ocrx_word' id='word_1_25' title='bbox 1116 463 1167 500; x_wconf 87' lang='lat' dir='ltr'>ad</span> <span class='ocrx_word' id='word_1_26' title='bbox 1192 464 1234 501; x_wconf 86' lang='lat' dir='ltr'>P.</span> <span class='ocrx_word' id='word_1_27' title='bbox 1263 463 1458 501; x_wconf 85' lang='lat' dir='ltr'>Ioannem</span> <span class='ocrx_word' id='word_1_28' title='bbox 1487 464 1741 502; x_wconf 83' lang='lat' dir='ltr'>Matthaeum</span> 
     </span>
     <span class='ocr_line' id='line_1_5' title="bbox 186 533 1742 587; baseline -0.002 -13"><span class='ocrx_word' id='word_1_29' title='bbox 186 536 477 587; x_wconf 79' lang='lat' dir='ltr'>Ciravegnam,</span> <span class='ocrx_word' id='word_1_30' title='bbox 512 535 749 586; x_wconf 70' lang='lat' dir='ltr'>provinciae</span> <span class='ocrx_word' id='word_1_31' title='bbox 781 533 1029 572; x_wconf 83' lang='lat' dir='ltr'>taurinensis</span> <span class='ocrx_word' id='word_1_32' title='bbox 1053 533 1351 584; x_wconf 85' lang='lat' dir='ltr'>praepositum,</span> <span class='ocrx_word' id='word_1_33' title='bbox 1384 543 1427 572; x_wconf 89' lang='lat' dir='ltr'>ut</span> <span class='ocrx_word' id='word_1_34' title='bbox 1451 533 1526 571; x_wconf 85' lang='lat' dir='ltr'>sibi</span> <span class='ocrx_word' id='word_1_35' title='bbox 1561 533 1742 584; x_wconf 74' lang='lat' dir='ltr'>suisque,</span> 
     </span>
     <span class='ocr_line' id='line_1_6' title="bbox 184 604 1745 657; baseline -0.002 -12"><span class='ocrx_word' id='word_1_36' title='bbox 184 607 334 645; x_wconf 90' lang='lat' dir='ltr'>collata</span> <span class='ocrx_word' id='word_1_37' title='bbox 365 606 484 657; x_wconf 90' lang='lat' dir='ltr'>stipe,</span> <span class='ocrx_word' id='word_1_38' title='bbox 519 605 706 645; x_wconf 87' lang='lat' dir='ltr'>subsidio</span> <span class='ocrx_word' id='word_1_39' title='bbox 739 605 939 644; x_wconf 75' lang='lat' dir='ltr'>venirent.</span> <span class='ocrx_word' id='word_1_40' title='bbox 966 605 1111 655; x_wconf 79' lang='lat' dir='ltr'>Itaque</span> <span class='ocrx_word' id='word_1_41' title='bbox 1145 604 1370 653; x_wconf 62' lang='lat' dir='ltr'>indigenae</span> <span class='ocrx_word' id='word_1_42' title='bbox 1404 604 1467 643; x_wconf 90' lang='lat' dir='ltr'>his</span> <span class='ocrx_word' id='word_1_43' title='bbox 1502 605 1623 643; x_wconf 83' lang='lat' dir='ltr'>rebus</span> <span class='ocrx_word' id='word_1_44' title='bbox 1658 618 1745 655; x_wconf 89' lang='lat' dir='ltr'>per-</span> 
     </span>
     <span class='ocr_line' id='line_1_7' title="bbox 184 675 1741 728; baseline -0.002 -12"><span class='ocrx_word' id='word_1_45' title='bbox 184 677 299 723; x_wconf 86' lang='lat' dir='ltr'>moti,</span> <span class='ocrx_word' id='word_1_46' title='bbox 334 686 375 716; x_wconf 87' lang='lat' dir='ltr'>et</span> <span class='ocrx_word' id='word_1_47' title='bbox 397 677 511 728; x_wconf 89' lang='lat' dir='ltr'>quod</span> <span class='ocrx_word' id='word_1_48' title='bbox 534 677 690 715; x_wconf 87' lang='lat' dir='ltr'>nullum</span> <span class='ocrx_word' id='word_1_49' title='bbox 714 676 955 727; x_wconf 79' lang='lat' dir='ltr'>periculum,</span> <span class='ocrx_word' id='word_1_50' title='bbox 982 676 1167 726; x_wconf 84' lang='lat' dir='ltr'>ipsorum</span> <span class='ocrx_word' id='word_1_51' title='bbox 1192 675 1335 714; x_wconf 86' lang='lat' dir='ltr'>salutis</span> <span class='ocrx_word' id='word_1_52' title='bbox 1358 689 1493 717; x_wconf 83' lang='lat' dir='ltr'>causa.</span> <span class='ocrx_word' id='word_1_53' title='bbox 1521 685 1741 720; x_wconf 88' lang='lat' dir='ltr'>recusaret,</span> 
     </span>
     <span class='ocr_line' id='line_1_8' title="bbox 185 746 1746 798; baseline -0.001 -11"><span class='ocrx_word' id='word_1_54' title='bbox 185 748 445 787; x_wconf 85' lang='lat' dir='ltr'>ferocissimo</span> <span class='ocrx_word' id='word_1_55' title='bbox 479 748 647 798; x_wconf 77' lang='lat' dir='ltr'>ingenio</span> <span class='ocrx_word' id='word_1_56' title='bbox 680 747 830 798; x_wconf 88' lang='lat' dir='ltr'>posito,</span> <span class='ocrx_word' id='word_1_57' title='bbox 866 760 909 784; x_wconf 86' lang='lat' dir='ltr'>se</span> <span class='ocrx_word' id='word_1_58' title='bbox 942 755 1053 785; x_wconf 85' lang='lat' dir='ltr'>totos</span> <span class='ocrx_word' id='word_1_59' title='bbox 1087 746 1175 785; x_wconf 85' lang='lat' dir='ltr'>eius</span> <span class='ocrx_word' id='word_1_60' title='bbox 1221 746 1316 784; x_wconf 86' lang='lat' dir='ltr'>fidei</span> <span class='ocrx_word' id='word_1_61' title='bbox 1362 746 1671 797; x_wconf 84' lang='lat' dir='ltr'>permittebant,</span> <span class='ocrx_word' id='word_1_62' title='bbox 1706 756 1746 785; x_wconf 89' lang='lat' dir='ltr'>et</span> 
     </span>
     <span class='ocr_line' id='line_1_9' title="bbox 187 817 1745 870; baseline -0.002 -12"><span class='ocrx_word' id='word_1_63' title='bbox 187 819 325 859; x_wconf 88' lang='lat' dir='ltr'>omnia</span> <span class='ocrx_word' id='word_1_64' title='bbox 358 819 558 870; x_wconf 88' lang='lat' dir='ltr'>imperata</span> <span class='ocrx_word' id='word_1_65' title='bbox 591 832 634 856; x_wconf 91' lang='lat' dir='ltr'>se</span> <span class='ocrx_word' id='word_1_66' title='bbox 667 818 847 856; x_wconf 85' lang='lat' dir='ltr'>facturos</span> <span class='ocrx_word' id='word_1_67' title='bbox 871 817 1185 868; x_wconf 75' lang='lat' dir='ltr'>pollicebantur.</span> <span class='ocrx_word' id='word_1_68' title='bbox 1214 818 1439 868; x_wconf 74' lang='lat' dir='ltr'>Quamque</span> <span class='ocrx_word' id='word_1_69' title='bbox 1473 817 1594 856; x_wconf 82' lang='lat' dir='ltr'>fidem</span> <span class='ocrx_word' id='word_1_70' title='bbox 1619 818 1745 856; x_wconf 81' lang='lat' dir='ltr'>semel</span> 
     </span>
     <span class='ocr_line' id='line_1_10' title="bbox 182 888 1327 939; baseline -0.003 -10"><span class='ocrx_word' id='word_1_71' title='bbox 182 890 396 935; x_wconf 85' lang='lat' dir='ltr'>dederant,</span> <span class='ocrx_word' id='word_1_72' title='bbox 432 889 536 927; x_wconf 87' lang='lat' dir='ltr'>hanc</span> <span class='ocrx_word' id='word_1_73' title='bbox 573 888 777 939; x_wconf 76' lang='lat' dir='ltr'>integram</span> <span class='ocrx_word' id='word_1_74' title='bbox 811 896 1015 938; x_wconf 88' lang='lat' dir='ltr'>perpetuo</span> <span class='ocrx_word' id='word_1_75' title='bbox 1048 888 1327 938; x_wconf 73' lang='lat' dir='ltr'>praestabant.</span> 
     </span>
    </p>

    <p class='ocr_par' dir='ltr' id='par_1_3' title="bbox 181 957 1766 2567">
     <span class='ocr_line' id='line_1_11' title="bbox 276 957 1743 1011; baseline -0.003 -12"><span class='ocrx_word' id='word_1_76' title='bbox 276 961 413 1011; x_wconf 78' lang='lat' dir='ltr'>Quam</span> <span class='ocrx_word' id='word_1_77' title='bbox 446 960 499 999; x_wconf 88' lang='lat' dir='ltr'>ob</span> <span class='ocrx_word' id='word_1_78' title='bbox 534 973 620 997; x_wconf 90' lang='lat' dir='ltr'>rem</span> <span class='ocrx_word' id='word_1_79' title='bbox 654 959 765 997; x_wconf 87' lang='lat' dir='ltr'>haud</span> <span class='ocrx_word' id='word_1_80' title='bbox 799 958 916 996; x_wconf 87' lang='lat' dir='ltr'>facile</span> <span class='ocrx_word' id='word_1_81' title='bbox 949 957 1201 996; x_wconf 72' lang='lat' dir='ltr'>narraverim</span> <span class='ocrx_word' id='word_1_82' title='bbox 1236 972 1360 1008; x_wconf 88' lang='lat' dir='ltr'>quarn</span> <span class='ocrx_word' id='word_1_83' title='bbox 1395 958 1508 996; x_wconf 63' lang='lat' dir='ltr'>brevi</span> <span class='ocrx_word' id='word_1_84' title='bbox 1544 958 1743 1009; x_wconf 73' lang='lat' dir='ltr'>temporis</span> 
     </span>
     <span class='ocr_line' id='line_1_12' title="bbox 188 1028 1745 1082; baseline -0.001 -13"><span class='ocrx_word' id='word_1_85' title='bbox 188 1031 318 1082; x_wconf 86' lang='lat' dir='ltr'>lapsu,</span> <span class='ocrx_word' id='word_1_86' title='bbox 355 1031 516 1069; x_wconf 91' lang='lat' dir='ltr'>illarum</span> <span class='ocrx_word' id='word_1_87' title='bbox 550 1029 769 1081; x_wconf 82' lang='lat' dir='ltr'>regionum</span> <span class='ocrx_word' id='word_1_88' title='bbox 803 1029 926 1068; x_wconf 86' lang='lat' dir='ltr'>facies</span> <span class='ocrx_word' id='word_1_89' title='bbox 960 1028 1175 1067; x_wconf 87' lang='lat' dir='ltr'>immutata</span> <span class='ocrx_word' id='word_1_90' title='bbox 1222 1029 1286 1067; x_wconf 91' lang='lat' dir='ltr'>sit.</span> <span class='ocrx_word' id='word_1_91' title='bbox 1324 1028 1401 1067; x_wconf 90' lang='lat' dir='ltr'>Dei</span> <span class='ocrx_word' id='word_1_92' title='bbox 1442 1029 1664 1073; x_wconf 87' lang='lat' dir='ltr'>ministros,</span> <span class='ocrx_word' id='word_1_93' title='bbox 1700 1043 1745 1067; x_wconf 82' lang='lat' dir='ltr'>ac</span> 
     </span>
     <span class='ocr_line' id='line_1_13' title="bbox 186 1099 1745 1153; baseline -0.002 -13"><span class='ocrx_word' id='word_1_94' title='bbox 186 1101 407 1153; x_wconf 83' lang='lat' dir='ltr'>praecipue</span> <span class='ocrx_word' id='word_1_95' title='bbox 440 1101 654 1146; x_wconf 86' lang='lat' dir='ltr'>Giordam,</span> <span class='ocrx_word' id='word_1_96' title='bbox 680 1100 738 1139; x_wconf 89' lang='lat' dir='ltr'>uti</span> <span class='ocrx_word' id='word_1_97' title='bbox 762 1100 874 1139; x_wconf 78' lang='lat' dir='ltr'>viros</span> <span class='ocrx_word' id='word_1_98' title='bbox 898 1100 1015 1139; x_wconf 91' lang='lat' dir='ltr'>coelo</span> <span class='ocrx_word' id='word_1_99' title='bbox 1038 1114 1168 1145; x_wconf 87' lang='lat' dir='ltr'>caros,</span> <span class='ocrx_word' id='word_1_100' title='bbox 1194 1108 1233 1138; x_wconf 90' lang='lat' dir='ltr'>et</span> <span class='ocrx_word' id='word_1_101' title='bbox 1262 1099 1462 1139; x_wconf 72' lang='lat' dir='ltr'>divinitus</span> <span class='ocrx_word' id='word_1_102' title='bbox 1496 1100 1572 1138; x_wconf 88' lang='lat' dir='ltr'>sibi</span> <span class='ocrx_word' id='word_1_103' title='bbox 1597 1100 1745 1139; x_wconf 84' lang='lat' dir='ltr'>missos</span> 
     </span>
     <span class='ocr_line' id='line_1_14' title="bbox 185 1171 1743 1223; baseline -0.001 -12"><span class='ocrx_word' id='word_1_104' title='bbox 185 1172 465 1223; x_wconf 59' lang='lat' dir='ltr'>excipiebant:</span> <span class='ocrx_word' id='word_1_105' title='bbox 499 1180 539 1211; x_wconf 87' lang='lat' dir='ltr'>et</span> <span class='ocrx_word' id='word_1_106' title='bbox 572 1171 642 1223; x_wconf 86' lang='lat' dir='ltr'>qui</span> <span class='ocrx_word' id='word_1_107' title='bbox 676 1180 796 1211; x_wconf 90' lang='lat' dir='ltr'>antea</span> <span class='ocrx_word' id='word_1_108' title='bbox 845 1171 885 1210; x_wconf 92' lang='lat' dir='ltr'>in</span> <span class='ocrx_word' id='word_1_109' title='bbox 933 1185 1005 1210; x_wconf 91' lang='lat' dir='ltr'>eos</span> <span class='ocrx_word' id='word_1_110' title='bbox 1048 1172 1174 1222; x_wconf 80' lang='lat' dir='ltr'>longe</span> <span class='ocrx_word' id='word_1_111' title='bbox 1217 1171 1341 1217; x_wconf 67' lang='lat' dir='ltr'>visos,</span> <span class='ocrx_word' id='word_1_112' title='bbox 1377 1171 1482 1210; x_wconf 87' lang='lat' dir='ltr'>sacta</span> <span class='ocrx_word' id='word_1_113' title='bbox 1514 1172 1743 1222; x_wconf 75' lang='lat' dir='ltr'>eruptione,</span> 
     </span>
     <span class='ocr_line' id='line_1_15' title="bbox 181 1243 1746 1294; baseline -0.002 -11"><span class='ocrx_word' id='word_1_114' title='bbox 181 1244 291 1283; x_wconf 89' lang='lat' dir='ltr'>ferro</span> <span class='ocrx_word' id='word_1_115' title='bbox 325 1243 545 1290; x_wconf 87' lang='lat' dir='ltr'>irruebant,</span> <span class='ocrx_word' id='word_1_116' title='bbox 580 1252 625 1282; x_wconf 88' lang='lat' dir='ltr'>ut</span> <span class='ocrx_word' id='word_1_117' title='bbox 657 1243 711 1289; x_wconf 88' lang='lat' dir='ltr'>hi,</span> <span class='ocrx_word' id='word_1_118' title='bbox 745 1243 900 1294; x_wconf 85' lang='lat' dir='ltr'>pedum</span> <span class='ocrx_word' id='word_1_119' title='bbox 943 1243 1162 1281; x_wconf 75' lang='lat' dir='ltr'>velocitate</span> <span class='ocrx_word' id='word_1_120' title='bbox 1205 1243 1360 1285; x_wconf 87' lang='lat' dir='ltr'>confisi,</span> <span class='ocrx_word' id='word_1_121' title='bbox 1410 1243 1475 1281; x_wconf 76' lang='lat' dir='ltr'>vel</span> <span class='ocrx_word' id='word_1_122' title='bbox 1514 1256 1622 1293; x_wconf 87' lang='lat' dir='ltr'>equo</span> <span class='ocrx_word' id='word_1_123' title='bbox 1670 1244 1746 1281; x_wconf 89' lang='lat' dir='ltr'>cal-</span> 
     </span>
     <span class='ocr_line' id='line_1_16' title="bbox 185 1313 1747 1364; baseline -0.002 -11"><span class='ocrx_word' id='word_1_124' title='bbox 185 1314 349 1353; x_wconf 88' lang='lat' dir='ltr'>caribus</span> <span class='ocrx_word' id='word_1_125' title='bbox 383 1313 563 1359; x_wconf 89' lang='lat' dir='ltr'>incenso,</span> <span class='ocrx_word' id='word_1_126' title='bbox 598 1313 668 1352; x_wconf 79' lang='lat' dir='ltr'>vix</span> <span class='ocrx_word' id='word_1_127' title='bbox 699 1313 751 1351; x_wconf 90' lang='lat' dir='ltr'>ad</span> <span class='ocrx_word' id='word_1_128' title='bbox 785 1313 959 1352; x_wconf 88' lang='lat' dir='ltr'>salutem</span> <span class='ocrx_word' id='word_1_129' title='bbox 983 1327 1027 1352; x_wconf 91' lang='lat' dir='ltr'>se</span> <span class='ocrx_word' id='word_1_130' title='bbox 1050 1313 1292 1364; x_wconf 75' lang='lat' dir='ltr'>reciperent,</span> <span class='ocrx_word' id='word_1_131' title='bbox 1324 1313 1450 1352; x_wconf 90' lang='lat' dir='ltr'>modo</span> <span class='ocrx_word' id='word_1_132' title='bbox 1483 1327 1575 1351; x_wconf 90' lang='lat' dir='ltr'>cum</span> <span class='ocrx_word' id='word_1_133' title='bbox 1610 1313 1747 1351; x_wconf 88' lang='lat' dir='ltr'>coniu-</span> 
     </span>
     <span class='ocr_line' id='line_1_17' title="bbox 187 1383 1745 1436; baseline 0.001 -13"><span class='ocrx_word' id='word_1_134' title='bbox 187 1385 312 1436; x_wconf 83' lang='lat' dir='ltr'>gibus</span> <span class='ocrx_word' id='word_1_135' title='bbox 359 1399 406 1423; x_wconf 89' lang='lat' dir='ltr'>ac</span> <span class='ocrx_word' id='word_1_136' title='bbox 439 1384 578 1423; x_wconf 87' lang='lat' dir='ltr'>liberis</span> <span class='ocrx_word' id='word_1_137' title='bbox 611 1384 777 1424; x_wconf 78' lang='lat' dir='ltr'>obviam</span> <span class='ocrx_word' id='word_1_138' title='bbox 827 1383 875 1423; x_wconf 87' lang='lat' dir='ltr'>iis</span> <span class='ocrx_word' id='word_1_139' title='bbox 923 1398 1098 1435; x_wconf 81' lang='lat' dir='ltr'>peregre</span> <span class='ocrx_word' id='word_1_140' title='bbox 1146 1383 1407 1423; x_wconf 83' lang='lat' dir='ltr'>venientibus</span> <span class='ocrx_word' id='word_1_141' title='bbox 1441 1384 1745 1435; x_wconf 84' lang='lat' dir='ltr'>procedebant:</span> 
     </span>
     <span class='ocr_line' id='line_1_18' title="bbox 183 1454 1745 1506; baseline -0.001 -12"><span class='ocrx_word' id='word_1_142' title='bbox 183 1464 310 1506; x_wconf 87' lang='lat' dir='ltr'>atque</span> <span class='ocrx_word' id='word_1_143' title='bbox 342 1455 493 1494; x_wconf 90' lang='lat' dir='ltr'>horum</span> <span class='ocrx_word' id='word_1_144' title='bbox 525 1455 729 1494; x_wconf 76' lang='lat' dir='ltr'>adventus</span> <span class='ocrx_word' id='word_1_145' title='bbox 762 1454 1105 1505; x_wconf 79' lang='lat' dir='ltr'>exspectatissimi</span> <span class='ocrx_word' id='word_1_146' title='bbox 1138 1454 1337 1505; x_wconf 88' lang='lat' dir='ltr'>triumphi</span> <span class='ocrx_word' id='word_1_147' title='bbox 1361 1455 1541 1505; x_wconf 88' lang='lat' dir='ltr'>speciem</span> <span class='ocrx_word' id='word_1_148' title='bbox 1576 1468 1673 1505; x_wconf 89' lang='lat' dir='ltr'>prae</span> <span class='ocrx_word' id='word_1_149' title='bbox 1702 1468 1745 1492; x_wconf 85' lang='lat' dir='ltr'>se</span> 
     </span>
     <span class='ocr_line' id='line_1_19' title="bbox 187 1525 1744 1576; baseline 0 -12"><span class='ocrx_word' id='word_1_150' title='bbox 187 1526 358 1564; x_wconf 87' lang='lat' dir='ltr'>ferebat.</span> <span class='ocrx_word' id='word_1_151' title='bbox 393 1526 461 1564; x_wconf 85' lang='lat' dir='ltr'>Ad</span> <span class='ocrx_word' id='word_1_152' title='bbox 494 1525 573 1564; x_wconf 92' lang='lat' dir='ltr'>hoc</span> <span class='ocrx_word' id='word_1_153' title='bbox 606 1525 706 1564; x_wconf 89' lang='lat' dir='ltr'>nihil</span> <span class='ocrx_word' id='word_1_154' title='bbox 740 1525 874 1576; x_wconf 83' lang='lat' dir='ltr'>magis</span> <span class='ocrx_word' id='word_1_155' title='bbox 906 1526 1119 1572; x_wconf 87' lang='lat' dir='ltr'>cavebant,</span> <span class='ocrx_word' id='word_1_156' title='bbox 1155 1540 1278 1576; x_wconf 91' lang='lat' dir='ltr'>quam</span> <span class='ocrx_word' id='word_1_157' title='bbox 1313 1540 1376 1571; x_wconf 89' lang='lat' dir='ltr'>ne,</span> <span class='ocrx_word' id='word_1_158' title='bbox 1412 1525 1460 1564; x_wconf 90' lang='lat' dir='ltr'>iis</span> <span class='ocrx_word' id='word_1_159' title='bbox 1492 1525 1744 1571; x_wconf 75' lang='lat' dir='ltr'>absentibus,</span> 
     </span>
     <span class='ocr_line' id='line_1_20' title="bbox 185 1595 1766 1650; baseline 0.001 -17"><span class='ocrx_word' id='word_1_160' title='bbox 185 1596 240 1634; x_wconf 88' lang='lat' dir='ltr'>ad</span> <span class='ocrx_word' id='word_1_161' title='bbox 274 1595 485 1647; x_wconf 85' lang='lat' dir='ltr'>ignaviam</span> <span class='ocrx_word' id='word_1_162' title='bbox 518 1604 559 1634; x_wconf 92' lang='lat' dir='ltr'>et</span> <span class='ocrx_word' id='word_1_163' title='bbox 590 1595 826 1635; x_wconf 87' lang='lat' dir='ltr'>socordiam</span> <span class='ocrx_word' id='word_1_164' title='bbox 867 1595 1161 1641; x_wconf 77' lang='lat' dir='ltr'>dilaberentur,</span> <span class='ocrx_word' id='word_1_165' title='bbox 1212 1610 1315 1635; x_wconf 79' lang='lat' dir='ltr'>neve</span> <span class='ocrx_word' id='word_1_166' title='bbox 1350 1597 1473 1635; x_wconf 87' lang='lat' dir='ltr'>ullam</span> <span class='ocrx_word' id='word_1_167' title='bbox 1522 1596 1766 1650; x_wconf 81' lang='lat' dir='ltr'>christiano</span> 
     </span>
     <span class='ocr_line' id='line_1_21' title="bbox 188 1665 1745 1718; baseline 0.001 -14"><span class='ocrx_word' id='word_1_168' title='bbox 188 1665 347 1704; x_wconf 88' lang='lat' dir='ltr'>nomini</span> <span class='ocrx_word' id='word_1_169' title='bbox 380 1666 513 1704; x_wconf 89' lang='lat' dir='ltr'>labem</span> <span class='ocrx_word' id='word_1_170' title='bbox 547 1665 754 1705; x_wconf 84' lang='lat' dir='ltr'>inferrent.</span> <span class='ocrx_word' id='word_1_171' title='bbox 790 1666 902 1717; x_wconf 78' lang='lat' dir='ltr'>Quin</span> <span class='ocrx_word' id='word_1_172' title='bbox 945 1667 1072 1706; x_wconf 91' lang='lat' dir='ltr'>immo</span> <span class='ocrx_word' id='word_1_173' title='bbox 1113 1681 1211 1706; x_wconf 89' lang='lat' dir='ltr'>suos</span> <span class='ocrx_word' id='word_1_174' title='bbox 1254 1681 1391 1706; x_wconf 91' lang='lat' dir='ltr'>mores</span> <span class='ocrx_word' id='word_1_175' title='bbox 1424 1667 1477 1706; x_wconf 91' lang='lat' dir='ltr'>ad</span> <span class='ocrx_word' id='word_1_176' title='bbox 1510 1667 1745 1718; x_wconf 80' lang='lat' dir='ltr'>exemplum</span> 
     </span>
     <span class='ocr_line' id='line_1_22' title="bbox 184 1735 1744 1788; baseline 0.001 -14"><span class='ocrx_word' id='word_1_177' title='bbox 184 1735 414 1775; x_wconf 86' lang='lat' dir='ltr'>sacerdotis</span> <span class='ocrx_word' id='word_1_178' title='bbox 446 1736 636 1775; x_wconf 87' lang='lat' dir='ltr'>catholici</span> <span class='ocrx_word' id='word_1_179' title='bbox 669 1750 920 1787; x_wconf 88' lang='lat' dir='ltr'>componere</span> <span class='ocrx_word' id='word_1_180' title='bbox 948 1751 1025 1788; x_wconf 91' lang='lat' dir='ltr'>pro</span> <span class='ocrx_word' id='word_1_181' title='bbox 1058 1751 1101 1776; x_wconf 91' lang='lat' dir='ltr'>se</span> <span class='ocrx_word' id='word_1_182' title='bbox 1125 1737 1301 1788; x_wconf 88' lang='lat' dir='ltr'>quisque</span> <span class='ocrx_word' id='word_1_183' title='bbox 1334 1738 1539 1777; x_wconf 88' lang='lat' dir='ltr'>studebat.</span> <span class='ocrx_word' id='word_1_184' title='bbox 1566 1738 1609 1777; x_wconf 84' lang='lat' dir='ltr'>Si</span> <span class='ocrx_word' id='word_1_185' title='bbox 1644 1737 1744 1788; x_wconf 88' lang='lat' dir='ltr'>quid</span> 
     </span>
     <span class='ocr_line' id='line_1_23' title="bbox 186 1807 1748 1860; baseline 0.001 -15"><span class='ocrx_word' id='word_1_186' title='bbox 186 1821 285 1846; x_wconf 84' lang='lat' dir='ltr'>vero</span> <span class='ocrx_word' id='word_1_187' title='bbox 320 1821 396 1858; x_wconf 90' lang='lat' dir='ltr'>pro</span> <span class='ocrx_word' id='word_1_188' title='bbox 429 1807 609 1845; x_wconf 85' lang='lat' dir='ltr'>humana</span> <span class='ocrx_word' id='word_1_189' title='bbox 642 1807 923 1846; x_wconf 84' lang='lat' dir='ltr'>imbecillitate</span> <span class='ocrx_word' id='word_1_190' title='bbox 956 1822 1126 1858; x_wconf 85' lang='lat' dir='ltr'>peccare</span> <span class='ocrx_word' id='word_1_191' title='bbox 1158 1808 1388 1855; x_wconf 89' lang='lat' dir='ltr'>accidisset,</span> <span class='ocrx_word' id='word_1_192' title='bbox 1423 1809 1463 1847; x_wconf 91' lang='lat' dir='ltr'>in</span> <span class='ocrx_word' id='word_1_193' title='bbox 1487 1823 1624 1860; x_wconf 77' lang='lat' dir='ltr'>genua</span> <span class='ocrx_word' id='word_1_194' title='bbox 1657 1823 1748 1859; x_wconf 87' lang='lat' dir='ltr'>pro-</span> 
     </span>
     <span class='ocr_line' id='line_1_24' title="bbox 187 1877 1748 1930; baseline 0.001 -15"><span class='ocrx_word' id='word_1_195' title='bbox 187 1877 318 1916; x_wconf 87' lang='lat' dir='ltr'>voluti</span> <span class='ocrx_word' id='word_1_196' title='bbox 354 1877 518 1916; x_wconf 85' lang='lat' dir='ltr'>veniam</span> <span class='ocrx_word' id='word_1_197' title='bbox 551 1878 601 1916; x_wconf 91' lang='lat' dir='ltr'>ab</span> <span class='ocrx_word' id='word_1_198' title='bbox 634 1892 696 1924; x_wconf 91' lang='lat' dir='ltr'>eo,</span> <span class='ocrx_word' id='word_1_199' title='bbox 732 1878 790 1917; x_wconf 89' lang='lat' dir='ltr'>uti</span> <span class='ocrx_word' id='word_1_200' title='bbox 823 1892 845 1916; x_wconf 89' lang='lat' dir='ltr'>a</span> <span class='ocrx_word' id='word_1_201' title='bbox 870 1878 948 1916; x_wconf 90' lang='lat' dir='ltr'>Dei</span> <span class='ocrx_word' id='word_1_202' title='bbox 972 1879 1123 1929; x_wconf 79' lang='lat' dir='ltr'>legato,</span> <span class='ocrx_word' id='word_1_203' title='bbox 1149 1880 1358 1930; x_wconf 88' lang='lat' dir='ltr'>petebant,</span> <span class='ocrx_word' id='word_1_204' title='bbox 1384 1888 1425 1918; x_wconf 92' lang='lat' dir='ltr'>et</span> <span class='ocrx_word' id='word_1_205' title='bbox 1448 1893 1490 1918; x_wconf 90' lang='lat' dir='ltr'>se</span> <span class='ocrx_word' id='word_1_206' title='bbox 1515 1894 1596 1918; x_wconf 90' lang='lat' dir='ltr'>non</span> <span class='ocrx_word' id='word_1_207' title='bbox 1621 1880 1748 1917; x_wconf 89' lang='lat' dir='ltr'>modo</span> 
     </span>
     <span class='ocr_line' id='line_1_25' title="bbox 187 1947 1749 2000; baseline 0.001 -14"><span class='ocrx_word' id='word_1_208' title='bbox 187 1947 373 1998; x_wconf 87' lang='lat' dir='ltr'>privatis,</span> <span class='ocrx_word' id='word_1_209' title='bbox 408 1948 481 1987; x_wconf 91' lang='lat' dir='ltr'>sed</span> <span class='ocrx_word' id='word_1_210' title='bbox 514 1948 703 1999; x_wconf 89' lang='lat' dir='ltr'>publicis,</span> <span class='ocrx_word' id='word_1_211' title='bbox 739 1962 842 1999; x_wconf 86' lang='lat' dir='ltr'>quas</span> <span class='ocrx_word' id='word_1_212' title='bbox 885 1948 1109 1993; x_wconf 82' lang='lat' dir='ltr'>statuisset,</span> <span class='ocrx_word' id='word_1_213' title='bbox 1154 1949 1301 2000; x_wconf 91' lang='lat' dir='ltr'>poenis</span> <span class='ocrx_word' id='word_1_214' title='bbox 1347 1949 1619 1989; x_wconf 83' lang='lat' dir='ltr'>libentissime</span> <span class='ocrx_word' id='word_1_215' title='bbox 1657 1951 1749 1988; x_wconf 84' lang='lat' dir='ltr'>sub-</span> 
     </span>
     <span class='ocr_line' id='line_1_26' title="bbox 187 2018 1749 2071; baseline 0.002 -15"><span class='ocrx_word' id='word_1_216' title='bbox 187 2018 396 2058; x_wconf 90' lang='lat' dir='ltr'>iiciebant.</span> <span class='ocrx_word' id='word_1_217' title='bbox 433 2018 652 2065; x_wconf 84' lang='lat' dir='ltr'>Primores,</span> <span class='ocrx_word' id='word_1_218' title='bbox 687 2033 733 2058; x_wconf 88' lang='lat' dir='ltr'>ac</span> <span class='ocrx_word' id='word_1_219' title='bbox 766 2019 891 2058; x_wconf 88' lang='lat' dir='ltr'>duces</span> <span class='ocrx_word' id='word_1_220' title='bbox 923 2028 1168 2065; x_wconf 83' lang='lat' dir='ltr'>ceterorum,</span> <span class='ocrx_word' id='word_1_221' title='bbox 1194 2034 1296 2071; x_wconf 83' lang='lat' dir='ltr'>quas</span> <span class='ocrx_word' id='word_1_222' title='bbox 1319 2021 1462 2071; x_wconf 88' lang='lat' dir='ltr'>culpas</span> <span class='ocrx_word' id='word_1_223' title='bbox 1484 2021 1589 2059; x_wconf 86' lang='lat' dir='ltr'>sorte</span> <span class='ocrx_word' id='word_1_224' title='bbox 1622 2021 1749 2059; x_wconf 89' lang='lat' dir='ltr'>admi-</span> 
     </span>
     <span class='ocr_line' id='line_1_27' title="bbox 185 2089 1747 2142; baseline 0.001 -14"><span class='ocrx_word' id='word_1_225' title='bbox 185 2098 340 2135; x_wconf 84' lang='lat' dir='ltr'>serant,</span> <span class='ocrx_word' id='word_1_226' title='bbox 375 2090 512 2141; x_wconf 86' lang='lat' dir='ltr'>palam</span> <span class='ocrx_word' id='word_1_227' title='bbox 544 2090 731 2136; x_wconf 86' lang='lat' dir='ltr'>fatentes,</span> <span class='ocrx_word' id='word_1_228' title='bbox 766 2104 809 2129; x_wconf 90' lang='lat' dir='ltr'>se</span> <span class='ocrx_word' id='word_1_229' title='bbox 842 2089 967 2141; x_wconf 62' lang='lat' dir='ltr'>ipsos</span> <span class='ocrx_word' id='word_1_230' title='bbox 1003 2091 1108 2129; x_wconf 84' lang='lat' dir='ltr'>hanc</span> <span class='ocrx_word' id='word_1_231' title='bbox 1141 2092 1194 2129; x_wconf 94' lang='lat' dir='ltr'>ob</span> <span class='ocrx_word' id='word_1_232' title='bbox 1227 2105 1407 2137; x_wconf 87' lang='lat' dir='ltr'>causam,</span> <span class='ocrx_word' id='word_1_233' title='bbox 1453 2092 1632 2142; x_wconf 88' lang='lat' dir='ltr'>plectere</span> <span class='ocrx_word' id='word_1_234' title='bbox 1666 2106 1747 2130; x_wconf 88' lang='lat' dir='ltr'>non</span> 
     </span>
     <span class='ocr_line' id='line_1_28' title="bbox 185 2160 1747 2212; baseline 0.001 -14"><span class='ocrx_word' id='word_1_235' title='bbox 185 2161 447 2205; x_wconf 85' lang='lat' dir='ltr'>verebantur,</span> <span class='ocrx_word' id='word_1_236' title='bbox 484 2169 556 2199; x_wconf 86' lang='lat' dir='ltr'>aut</span> <span class='ocrx_word' id='word_1_237' title='bbox 578 2161 629 2199; x_wconf 86' lang='lat' dir='ltr'>ab</span> <span class='ocrx_word' id='word_1_238' title='bbox 652 2161 741 2199; x_wconf 89' lang='lat' dir='ltr'>aliis</span> <span class='ocrx_word' id='word_1_239' title='bbox 765 2160 887 2211; x_wconf 91' lang='lat' dir='ltr'>plecti</span> <span class='ocrx_word' id='word_1_240' title='bbox 912 2161 1019 2200; x_wconf 90' lang='lat' dir='ltr'>ultro</span> <span class='ocrx_word' id='word_1_241' title='bbox 1044 2161 1320 2212; x_wconf 87' lang='lat' dir='ltr'>patiebantur.</span> <span class='ocrx_word' id='word_1_242' title='bbox 1348 2161 1456 2200; x_wconf 92' lang='lat' dir='ltr'>Dein</span> <span class='ocrx_word' id='word_1_243' title='bbox 1479 2162 1747 2212; x_wconf 86' lang='lat' dir='ltr'>plectentium</span> 
     </span>
     <span class='ocr_line' id='line_1_29' title="bbox 187 2231 1747 2278; baseline 0.001 -9"><span class='ocrx_word' id='word_1_244' title='bbox 187 2245 334 2270; x_wconf 89' lang='lat' dir='ltr'>manus</span> <span class='ocrx_word' id='word_1_245' title='bbox 357 2231 606 2270; x_wconf 86' lang='lat' dir='ltr'>amicissime</span> <span class='ocrx_word' id='word_1_246' title='bbox 629 2232 815 2277; x_wconf 89' lang='lat' dir='ltr'>osculati,</span> <span class='ocrx_word' id='word_1_247' title='bbox 840 2246 997 2270; x_wconf 88' lang='lat' dir='ltr'>sacram</span> <span class='ocrx_word' id='word_1_248' title='bbox 1021 2232 1166 2271; x_wconf 89' lang='lat' dir='ltr'>aedem</span> <span class='ocrx_word' id='word_1_249' title='bbox 1190 2233 1477 2278; x_wconf 82' lang='lat' dir='ltr'>succedebant,</span> <span class='ocrx_word' id='word_1_250' title='bbox 1504 2233 1560 2272; x_wconf 92' lang='lat' dir='ltr'>rei</span> <span class='ocrx_word' id='word_1_251' title='bbox 1584 2233 1747 2271; x_wconf 74' lang='lat' dir='ltr'>divinae</span> 
     </span>
     <span class='ocr_line' id='line_1_30' title="bbox 189 2301 1749 2354; baseline 0.001 -14"><span class='ocrx_word' id='word_1_252' title='bbox 189 2301 426 2348; x_wconf 88' lang='lat' dir='ltr'>intererant,</span> <span class='ocrx_word' id='word_1_253' title='bbox 461 2311 501 2341; x_wconf 93' lang='lat' dir='ltr'>et</span> <span class='ocrx_word' id='word_1_254' title='bbox 533 2302 720 2353; x_wconf 83' lang='lat' dir='ltr'>angelica</span> <span class='ocrx_word' id='word_1_255' title='bbox 742 2302 848 2353; x_wconf 87' lang='lat' dir='ltr'>dape</span> <span class='ocrx_word' id='word_1_256' title='bbox 872 2303 1174 2342; x_wconf 89' lang='lat' dir='ltr'>recreabantur.</span> <span class='ocrx_word' id='word_1_257' title='bbox 1201 2303 1364 2354; x_wconf 74' lang='lat' dir='ltr'>Quibus</span> <span class='ocrx_word' id='word_1_258' title='bbox 1388 2304 1511 2342; x_wconf 89' lang='lat' dir='ltr'>rebus</span> <span class='ocrx_word' id='word_1_259' title='bbox 1544 2303 1679 2347; x_wconf 88' lang='lat' dir='ltr'>fiebat,</span> <span class='ocrx_word' id='word_1_260' title='bbox 1705 2313 1749 2343; x_wconf 85' lang='lat' dir='ltr'>ut</span> 
     </span>
     <span class='ocr_line' id='line_1_31' title="bbox 189 2371 1746 2425; baseline 0.002 -15"><span class='ocrx_word' id='word_1_261' title='bbox 189 2371 261 2422; x_wconf 89' lang='lat' dir='ltr'>qui</span> <span class='ocrx_word' id='word_1_262' title='bbox 294 2373 478 2412; x_wconf 85' lang='lat' dir='ltr'>advenae</span> <span class='ocrx_word' id='word_1_263' title='bbox 526 2387 676 2412; x_wconf 82' lang='lat' dir='ltr'>novam</span> <span class='ocrx_word' id='word_1_264' title='bbox 727 2373 836 2412; x_wconf 91' lang='lat' dir='ltr'>illam</span> <span class='ocrx_word' id='word_1_265' title='bbox 879 2373 1144 2412; x_wconf 88' lang='lat' dir='ltr'>christianam</span> <span class='ocrx_word' id='word_1_266' title='bbox 1178 2374 1475 2425; x_wconf 88' lang='lat' dir='ltr'>rempublicam</span> <span class='ocrx_word' id='word_1_267' title='bbox 1511 2374 1746 2417; x_wconf 68' lang='lat' dir='ltr'>inviserent,</span> 
     </span>
     <span class='ocr_line' id='line_1_32' title="bbox 186 2442 1749 2494; baseline 0.002 -14"><span class='ocrx_word' id='word_1_268' title='bbox 186 2442 363 2481; x_wconf 89' lang='lat' dir='ltr'>eandem</span> <span class='ocrx_word' id='word_1_269' title='bbox 397 2443 632 2494; x_wconf 75' lang='lat' dir='ltr'>primaevos</span> <span class='ocrx_word' id='word_1_270' title='bbox 665 2444 985 2483; x_wconf 87' lang='lat' dir='ltr'>christianorum</span> <span class='ocrx_word' id='word_1_271' title='bbox 1019 2458 1154 2483; x_wconf 87' lang='lat' dir='ltr'>mores</span> <span class='ocrx_word' id='word_1_272' title='bbox 1193 2445 1342 2483; x_wconf 85' lang='lat' dir='ltr'>referre</span> <span class='ocrx_word' id='word_1_273' title='bbox 1378 2445 1616 2488; x_wconf 78' lang='lat' dir='ltr'>faterentur,</span> <span class='ocrx_word' id='word_1_274' title='bbox 1652 2459 1749 2483; x_wconf 89' lang='lat' dir='ltr'>non-</span> 
     </span>
     <span class='ocr_line' id='line_1_33' title="bbox 188 2513 1745 2567; baseline 0.003 -16"><span class='ocrx_word' id='word_1_275' title='bbox 188 2513 288 2551; x_wconf 88' lang='lat' dir='ltr'>nulli</span> <span class='ocrx_word' id='word_1_276' title='bbox 322 2513 458 2560; x_wconf 89' lang='lat' dir='ltr'>etiam,</span> <span class='ocrx_word' id='word_1_277' title='bbox 493 2514 648 2565; x_wconf 79' lang='lat' dir='ltr'>gaudio</span> <span class='ocrx_word' id='word_1_278' title='bbox 680 2514 848 2565; x_wconf 83' lang='lat' dir='ltr'>perfusi,</span> <span class='ocrx_word' id='word_1_279' title='bbox 883 2529 905 2553; x_wconf 87' lang='lat' dir='ltr'>a</span> <span class='ocrx_word' id='word_1_280' title='bbox 937 2514 1115 2553; x_wconf 87' lang='lat' dir='ltr'>lacrimis</span> <span class='ocrx_word' id='word_1_281' title='bbox 1148 2524 1379 2566; x_wconf 88' lang='lat' dir='ltr'>temperare</span> <span class='ocrx_word' id='word_1_282' title='bbox 1427 2517 1646 2567; x_wconf 85' lang='lat' dir='ltr'>nequirent</span> <span class='ocrx_word' id='word_1_283' title='bbox 1670 2522 1745 2564; x_wconf 73' lang='lat'>(4).</span> 
     </span>
    </p>

    <p class='ocr_par' dir='ltr' id='par_1_4' title="bbox 188 2584 1749 2921">
     <span class='ocr_line' id='line_1_34' title="bbox 282 2584 1749 2637; baseline 0.002 -15"><span class='ocrx_word' id='word_1_284' title='bbox 282 2585 431 2635; x_wconf 85' lang='lat' dir='ltr'>Neque</span> <span class='ocrx_word' id='word_1_285' title='bbox 464 2584 667 2623; x_wconf 89' lang='lat' dir='ltr'>minorem</span> <span class='ocrx_word' id='word_1_286' title='bbox 700 2585 864 2624; x_wconf 75' lang='lat' dir='ltr'>virtutis</span> <span class='ocrx_word' id='word_1_287' title='bbox 905 2585 1322 2631; x_wconf 80' lang='lat' dir='ltr'>commendationem,</span> <span class='ocrx_word' id='word_1_288' title='bbox 1369 2586 1591 2637; x_wconf 87' lang='lat' dir='ltr'>praecipue</span> <span class='ocrx_word' id='word_1_289' title='bbox 1623 2587 1749 2625; x_wconf 87' lang='lat' dir='ltr'>chari-</span> 
     </span>
     <span class='ocr_line' id='line_1_35' title="bbox 189 2654 1749 2709; baseline 0.002 -16"><span class='ocrx_word' id='word_1_290' title='bbox 189 2654 300 2701; x_wconf 87' lang='lat' dir='ltr'>tatis,</span> <span class='ocrx_word' id='word_1_291' title='bbox 335 2655 482 2706; x_wconf 88' lang='lat' dir='ltr'>suique</span> <span class='ocrx_word' id='word_1_292' title='bbox 514 2665 791 2707; x_wconf 86' lang='lat' dir='ltr'>contemptus,</span> <span class='ocrx_word' id='word_1_293' title='bbox 841 2656 952 2706; x_wconf 88' lang='lat' dir='ltr'>apud</span> <span class='ocrx_word' id='word_1_294' title='bbox 1000 2665 1164 2696; x_wconf 85' lang='lat' dir='ltr'>nostros</span> <span class='ocrx_word' id='word_1_295' title='bbox 1197 2658 1373 2703; x_wconf 87' lang='lat' dir='ltr'>sodales,</span> <span class='ocrx_word' id='word_1_296' title='bbox 1410 2672 1534 2709; x_wconf 87' lang='lat' dir='ltr'>quam</span> <span class='ocrx_word' id='word_1_297' title='bbox 1568 2658 1679 2708; x_wconf 85' lang='lat' dir='ltr'>apud</span> <span class='ocrx_word' id='word_1_298' title='bbox 1712 2673 1749 2696; x_wconf 87' lang='lat' dir='ltr'>a-</span> 
     </span>
     <span class='ocr_line' id='line_1_36' title="bbox 191 2725 1749 2779; baseline 0.002 -16"><span class='ocrx_word' id='word_1_299' title='bbox 191 2725 333 2771; x_wconf 72' lang='lat' dir='ltr'>henos,</span> <span class='ocrx_word' id='word_1_300' title='bbox 368 2726 468 2764; x_wconf 90' lang='lat' dir='ltr'>dum</span> <span class='ocrx_word' id='word_1_301' title='bbox 502 2726 541 2764; x_wconf 89' lang='lat' dir='ltr'>in</span> <span class='ocrx_word' id='word_1_302' title='bbox 575 2727 768 2765; x_wconf 86' lang='lat' dir='ltr'>America</span> <span class='ocrx_word' id='word_1_303' title='bbox 795 2727 988 2777; x_wconf 73' lang='lat' dir='ltr'>degebat.</span> <span class='ocrx_word' id='word_1_304' title='bbox 1015 2727 1173 2766; x_wconf 86' lang='lat' dir='ltr'>Giorda</span> <span class='ocrx_word' id='word_1_305' title='bbox 1205 2736 1267 2767; x_wconf 91' lang='lat' dir='ltr'>est</span> <span class='ocrx_word' id='word_1_306' title='bbox 1300 2738 1560 2768; x_wconf 84' lang='lat' dir='ltr'>consecutus.</span> <span class='ocrx_word' id='word_1_307' title='bbox 1597 2729 1749 2779; x_wconf 75' lang='lat' dir='ltr'>Quam-</span> 
     </span>
     <span class='ocr_line' id='line_1_37' title="bbox 188 2796 1746 2848; baseline 0.003 -14"><span class='ocrx_word' id='word_1_308' title='bbox 188 2809 316 2846; x_wconf 89' lang='lat' dir='ltr'>quam</span> <span class='ocrx_word' id='word_1_309' title='bbox 348 2796 475 2835; x_wconf 90' lang='lat' dir='ltr'>totius</span> <span class='ocrx_word' id='word_1_310' title='bbox 507 2799 713 2836; x_wconf 73' lang='lat'>7722&#39;882&#39;0722&#39;8</span> <span class='ocrx_word' id='word_1_311' title='bbox 742 2798 980 2836; x_wconf 88' lang='lat' dir='ltr'>moderator</span> <span class='ocrx_word' id='word_1_312' title='bbox 1007 2812 1226 2848; x_wconf 86' lang='lat' dir='ltr'>supremus</span> <span class='ocrx_word' id='word_1_313' title='bbox 1259 2808 1357 2843; x_wconf 86' lang='lat' dir='ltr'>erat,</span> <span class='ocrx_word' id='word_1_314' title='bbox 1392 2808 1543 2843; x_wconf 84' lang='lat' dir='ltr'>tamen,</span> <span class='ocrx_word' id='word_1_315' title='bbox 1578 2799 1746 2838; x_wconf 70' lang='lat' dir='ltr'>vixdum</span> 
     </span>
     <span class='ocr_line' id='line_1_38' title="bbox 193 2865 1746 2921; baseline 0.003 -18"><span class='ocrx_word' id='word_1_316' title='bbox 193 2865 233 2904; x_wconf 90' lang='lat' dir='ltr'>in</span> <span class='ocrx_word' id='word_1_317' title='bbox 266 2865 447 2917; x_wconf 88' lang='lat' dir='ltr'>aliquam</span> <span class='ocrx_word' id='word_1_318' title='bbox 481 2868 731 2906; x_wconf 86' lang='lat' dir='ltr'>Nostrorum</span> <span class='ocrx_word' id='word_1_319' title='bbox 757 2868 977 2907; x_wconf 84' lang='lat' dir='ltr'>stationem</span> <span class='ocrx_word' id='word_1_320' title='bbox 1011 2869 1158 2919; x_wconf 89' lang='lat' dir='ltr'>pedem</span> <span class='ocrx_word' id='word_1_321' title='bbox 1193 2870 1397 2913; x_wconf 84' lang='lat' dir='ltr'>intulerat,</span> <span class='ocrx_word' id='word_1_322' title='bbox 1433 2870 1746 2921; x_wconf 82' lang='lat' dir='ltr'>praefecturam,</span> 
     </span>
    </p>
   </div>
  </div>
 </body>
</html>
