1926 3200
862 256 1122 292 -ψ-

206 362 290 388 non
329 356 479 391 essent,
516 348 613 386 inde
646 348 847 386 excedere
897 348 1158 387 iubebantur.
1210 348 1293 399 Qui
1343 363 1441 388 vero
1492 349 1591 388 inibi
1641 359 1778 390 ortum

206 419 464 465 habuissent,
515 419 592 457 nisi
642 419 864 458 Sodalitati
908 428 1075 458 nostrae
1110 420 1307 458 nuncium
1352 421 1624 465 remitterent,
1669 422 1779 461 civili

205 491 397 529 libertate
441 490 780 541 expoliabantur3
815 504 950 541 neque
980 498 1087 529 stata
1121 491 1297 541 pecunia
1340 491 1418 529 frui
1451 500 1658 542 poterant,
1699 507 1780 544 qua

206 561 334 601 vitam
378 561 538 600 facilius
581 570 875 600 sustentarent.
917 561 1047 600 Erant
1080 561 1203 600 etiam
1253 561 1324 612 qui
1358 563 1567 601 nonnullis
1601 563 1641 601 in
1686 578 1779 614 pro-

205 632 375 678 vinciis,
435 640 475 670 et
514 632 761 682 praesertim
805 632 844 670 in
890 632 1022 670 insula
1066 632 1278 677 Sardinia,
1335 633 1413 671 hoc
1466 633 1678 672 decretum
1729 634 1778 672 ri-

205 703 346 755 gidius
380 703 767 754 interpretarentur,
803 703 859 741 ita
892 712 936 741 ut
976 704 1137 747 Nostri,
1184 704 1253 755 qui
1288 704 1328 742 in
1363 704 1442 743 fide
1475 705 1774 753 consisterent,

204 774 386 826 pessime
429 774 695 817 haberentur,
741 782 867 825 atque
910 775 1016 813 adeo
1049 788 1148 813 suae
1182 775 1290 814 vitae
1324 775 1536 822 timerent,
1582 791 1628 814 ac
1662 777 1776 815 domi

202 847 331 884 latere
364 854 632 897 cogerentur.

296 918 392 955 Huc
425 917 648 955 accedebat
682 917 796 967 quod
846 930 1023 967 magnae
1072 917 1330 956 auctoritatis
1363 932 1409 956 ac
1453 918 1668 969 religionis
1702 918 1777 956 viri

204 988 377 1027 eosdem
412 988 578 1026 sodales
611 987 663 1026 ad
698 987 951 1026 Societatem
997 996 1181 1026 nostram
1224 989 1498 1027 deserendam
1538 1003 1662 1039 quam
1697 1003 1778 1027 ma-

203 1059 315 1098 xime
349 1059 637 1110 impellebant:
673 1067 896 1109 propterea
929 1059 1054 1109 quod,
1086 1059 1145 1097 uti
1179 1059 1356 1105 aiebant,
1392 1061 1502 1098 nulla
1535 1074 1630 1111 spes
1664 1060 1778 1099 afful-

205 1139 338 1181 geret,
373 1130 549 1168 eandem
583 1130 696 1181 apud
729 1129 983 1180 Subalpinos
1017 1130 1056 1168 in
1091 1130 1310 1180 pristinum
1346 1139 1499 1169 statum
1534 1139 1775 1169 revocatum

205 1201 267 1241 iri.
320 1203 484 1240 Interea
531 1201 617 1240 suis
666 1201 844 1252 quisque
892 1201 1154 1240 dioecesibus
1189 1216 1341 1240 nomen
1374 1201 1532 1240 darent.
1569 1201 1615 1239 Id
1648 1216 1776 1252 porro

205 1273 441 1325 legitimum
476 1273 674 1316 futurum,
710 1273 743 1311 si
778 1272 856 1323 ipsi
890 1287 964 1323 per
1006 1286 1062 1317 se,
1097 1281 1167 1312 aut
1200 1287 1274 1323 per
1317 1273 1431 1316 alios.
1467 1287 1489 1311 a
1522 1273 1631 1311 Sede
1664 1274 1775 1323 Apo-

204 1344 350 1383 stolica
398 1352 685 1395 exposcerent,
735 1352 780 1382 ut
829 1343 1043 1394 religionis
1082 1343 1261 1385 vinculo,
1297 1357 1381 1394 quo
1416 1344 1508 1382 Deo
1541 1343 1773 1393 obstringe-

206 1424 360 1461 rentur,
387 1416 533 1455 saltem
557 1429 633 1466 pro
657 1424 859 1466 tempore,
894 1416 1166 1453 solverentur.
1193 1416 1254 1453 Ita
1277 1415 1413 1459 fiebat,
1449 1424 1493 1454 ut
1517 1415 1586 1466 qui
1620 1415 1774 1453 nostris

207 1486 421 1525 sodalibus
454 1486 575 1525 saluti
609 1500 698 1525 esse
732 1486 944 1528 deberent,
970 1485 1018 1524 iis
1048 1485 1273 1536 perniciem
1308 1486 1529 1524 maximam
1564 1494 1770 1536 pararent.

208 1557 349 1608 Quam
384 1557 438 1595 ob
471 1571 571 1603 rem,
607 1557 666 1596 uti
702 1557 741 1595 in
774 1556 970 1595 extremis
1013 1556 1176 1595 casibus
1216 1556 1302 1594 fieri
1336 1556 1572 1601 consuevit,
1608 1555 1774 1594 tametsi

205 1628 394 1680 plerique
429 1629 468 1667 in
518 1628 598 1667 fide
637 1628 872 1667 firmissime
907 1628 1228 1678 permanebant,
1270 1627 1456 1666 nonnulli
1505 1636 1643 1666 tamen
1678 1642 1774 1678 pen-

200 1699 357 1738 debant
389 1698 549 1741 animis,
597 1699 698 1749 quid
747 1698 823 1736 sibi
858 1699 1027 1737 tandem
1076 1698 1237 1737 consilii
1280 1708 1495 1749 caperent;
1540 1698 1607 1736 alii
1656 1712 1770 1744 vero,

201 1769 446 1821 praesertim
481 1769 675 1813 iuniores,
711 1783 849 1808 rerum
884 1770 1099 1820 inexperti,
1145 1769 1329 1807 animum
1373 1769 1696 1820 despondentes,
1733 1769 1773 1807 in

200 1841 372 1892 laqueos
406 1850 574 1891 paratos
609 1841 860 1879 incidebant.

290 1912 435 1962 Itaque
470 1911 659 1957 Pellicus,
695 1920 853 1962 quanto
903 1911 943 1949 in
987 1911 1171 1962 periculo
1211 1925 1275 1950 res
1319 1919 1428 1949 esset
1462 1910 1621 1961 oppido
1655 1910 1769 1949 intel-

198 1982 345 2033 ligens,
381 1983 433 2021 ad
466 1982 655 2034 singulos
699 1983 876 2034 scripsit,
923 1997 1265 2034 unumquemque
1308 1983 1359 2021 de
1392 1982 1528 2021 officio
1562 1981 1772 2032 sapienter

198 2054 429 2092 admodum
448 2068 494 2092 ac
513 2053 696 2092 suaviter
714 2053 1046 2096 commonefecit,
1067 2062 1107 2092 et
1126 2053 1356 2092 iunioribus
1375 2053 1566 2097 Galliam,
1582 2052 1622 2090 in
1646 2066 1770 2103 quam

197 2124 286 2176 ipse
320 2125 590 2176 confugisset,
618 2125 676 2164 uti
700 2125 838 2163 locum
863 2124 1148 2176 propinquum
1181 2139 1227 2163 ac
1260 2124 1534 2175 peridoneum
1568 2123 1766 2169 ostendit,

196 2210 321 2247 quem
355 2204 545 2246 peterent
577 2196 630 2234 ad
663 2196 854 2235 salutem.
890 2196 984 2247 Qua
1018 2196 1058 2234 in
1091 2209 1146 2239 re,
1182 2204 1296 2234 tanta
1333 2204 1395 2234 est
1428 2208 1526 2233 usus
1559 2194 1765 2240 felicitate,

196 2275 252 2313 ut,
278 2267 327 2305 iis
361 2267 557 2318 exceptis,
593 2281 772 2318 quorum
811 2267 913 2306 fides
952 2267 1032 2305 iam
1071 2275 1191 2306 antea
1225 2275 1333 2306 esset
1367 2267 1406 2305 in
1445 2266 1616 2312 incerto,
1657 2266 1768 2304 nulla

195 2352 312 2377 mora
345 2338 570 2383 interiecta,
595 2338 647 2377 ad
671 2353 779 2385 eum,
806 2338 978 2390 perinde
1002 2353 1048 2377 ac
1072 2338 1142 2377 filii
1177 2338 1217 2376 in
1250 2337 1380 2389 patris
1403 2337 1552 2383 sinum,
1587 2336 1769 2375 libentis-

195 2410 288 2449 simi
311 2410 589 2461 confugerint.
615 2410 697 2449 Alii
722 2410 905 2455 demum,
931 2411 995 2449 vel
1019 2424 1093 2449 sua
1116 2419 1278 2461 sponte,
1304 2409 1369 2448 vel
1392 2409 1479 2447 eius
1497 2408 1559 2446 usi
1579 2408 1767 2454 consilio,

193 2481 246 2520 ad
270 2490 418 2532 gentes
442 2480 754 2527 remotissimas,
779 2481 832 2519 ad
851 2481 976 2520 Afros
996 2495 1158 2532 nempe,
1179 2481 1231 2519 ad
1255 2479 1540 2521 Amerieanos,
1566 2480 1618 2518 ad
1638 2480 1766 2517 Indos

195 2551 235 2590 in
257 2551 482 2590 christiana
505 2552 708 2603 religione
731 2552 996 2595 excolendos,
1032 2565 1157 2602 quam
1199 2550 1412 2590 celerrime
1445 2558 1541 2588 sunt
1573 2549 1762 2601 profecti,

199 2630 315 2662 tanto
350 2637 536 2666 numero.
573 2632 618 2662 ut
656 2623 739 2674 qui,
775 2624 852 2662 sub
891 2623 1008 2662 initio
1047 2623 1142 2661 anni
1187 2633 1509 2665 MDCCCXLVIH,
1555 2621 1624 2660 vix
1656 2630 1765 2667 octo,

193 2694 258 2732 vel
292 2694 436 2732 decem
470 2694 710 2745 provinciae
758 2694 1008 2733 taurinensis
1041 2693 1196 2732 alumni
1231 2693 1270 2731 in
1304 2701 1538 2731 exterarum
1572 2692 1762 2742 gentium

195 2765 457 2803 missionibus
505 2774 671 2808 essent,
727 2779 836 2804 anno
891 2774 1060 2816 postero
1117 2764 1169 2803 ad
1217 2763 1520 2815 quinquaginta
1575 2776 1760 2802 recense-

198 2843 351 2874 rentur.
378 2836 497 2886 Quae
521 2836 660 2874 onmia
694 2835 826 2874 facilia
860 2849 909 2874 ex
948 2835 1200 2874 difficillimis
1239 2834 1318 2873 Dei
1358 2834 1491 2885 gratia
1529 2842 1569 2872 et
1608 2832 1765 2884 magni—

197 2905 298 2944 tudo
331 2905 457 2944 animi
492 2905 751 2956 redigebant.
798 2906 880 2957 Qui
914 2906 1095 2956 denique
1129 2906 1382 2955 Allobroges
1417 2904 1583 2943 natione
1626 2911 1765 2949 erant,
