1926 3200
855 219 1086 257 -73-

189 309 353 347 veniam
387 324 410 348 a
445 311 536 349 Deo
569 319 610 350 et
641 326 665 350 a
688 312 930 351 mortalibus
964 314 1226 364 expetebant.
1252 314 1369 352 Alter
1398 314 1437 352 in
1471 314 1637 353 alterius
1670 327 1754 352 am-

191 380 357 430 plexum
392 381 537 420 ruebat
569 395 714 432 pacem
739 382 993 433 efflagitan53
1028 383 1202 422 dissidia
1225 385 1486 431 tollebantur,
1521 385 1751 424 simultates

190 449 511 498 dirimebantur;
546 460 586 491 et
619 452 714 491 odia
746 453 978 499 veterrima,
1030 468 1135 505 quae
1183 455 1235 493 ad
1285 455 1607 494 internecionem
1641 470 1753 495 exar-

191 530 343 567 serant,
379 531 592 562 momento
626 524 1010 575 exstinguebantur.

279 593 549 632 Incredibiles
581 594 633 632 ad
667 608 760 633 eum
794 595 1048 634 audiendum
1081 610 1307 635 concursus
1331 597 1547 635 hominum
1582 597 1746 643 fiebant,

188 671 232 701 ut
265 664 431 714 templa,
467 664 657 715 quamvis
690 666 839 716 ampla,
866 666 1172 706 multitudinem
1201 667 1479 707 confluentem
1513 682 1660 719 capere
1684 683 1749 707 ne-

186 733 372 784 quirent;
407 742 532 786 atque
564 735 709 774 concio
752 736 829 775 sub
872 737 941 776 dio
984 746 1094 777 esset
1136 738 1338 777 habenda.
1375 740 1523 790 Neque
1556 753 1606 778 ex
1638 748 1751 779 tanta

188 804 372 843 virorum
405 819 451 844 ac
485 806 702 845 mulierum
736 807 857 858 copia
890 808 1173 859 reperiebatur
1210 809 1279 860 qui
1314 809 1423 848 illinc
1461 819 1581 850 antea
1623 811 1751 849 disce—

189 875 287 914 dere
320 876 454 921 vellet,
491 891 614 927 quam
644 878 920 917 conscientiae
943 880 1056 918 labes
1079 880 1155 919 rite
1179 881 1455 932 purgavisset.
1482 882 1639 932 Itaque,
1665 896 1748 921 non

187 946 314 985 modo
333 946 524 993 interdiu,
545 948 618 986 sed
631 948 755 987 etiam
774 958 911 995 noctu,
932 964 1047 989 sacra
1068 951 1352 990 Poenitentiae
1370 952 1589 991 tribunalia
1607 961 1751 1003 aperta

188 1017 444 1067 prostabant.
480 1018 649 1070 Quippe
683 1020 932 1059 Torniellius
955 1021 1194 1060 auditorum
1218 1022 1354 1061 studia
1387 1022 1545 1061 artibus
1578 1024 1749 1063 omnino

186 1087 304 1125 novis
328 1102 374 1126 ac
398 1089 629 1140 peregrinis
653 1091 955 1137 commovebat,
992 1092 1142 1143 quibus
1166 1106 1216 1131 ne
1240 1093 1555 1132 obstinatissimi
1579 1094 1748 1145 quidem

183 1157 311 1196 animi
344 1158 547 1198 obsistere
579 1169 765 1210 possent.

277 1229 505 1275 Interdum,
540 1230 669 1281 longo
701 1231 869 1282 angne
892 1232 1011 1278 facto,
1037 1233 1240 1284 populum
1264 1248 1286 1272 a
1313 1248 1428 1272 sacra
1451 1234 1552 1273 aede
1585 1235 1637 1273 ad
1661 1249 1750 1274 coe-

188 1299 406 1338 meterium
441 1301 643 1339 urbanum
686 1302 877 1342 ducebat.
913 1304 1010 1354 Quo
1049 1318 1142 1342 cum
1177 1313 1347 1343 ventum
1386 1314 1506 1351 esset,
1543 1306 1748 1345 Sacerdos

182 1370 290 1408 elata
323 1384 424 1409 voce
458 1370 723 1411 inclamabat:
766 1387 788 1411 «
813 1373 994 1413 Ubinam
1029 1375 1203 1414 sumus?
1228 1390 1249 1413 »
1296 1375 1373 1414 Cui
1407 1390 1457 1414 ex
1488 1376 1749 1416 adstantibus

186 1454 292 1479 unus
340 1455 468 1491 quum
513 1441 611 1480 olim
655 1443 965 1494 respondisset:
1010 1459 1032 1483 «
1071 1445 1117 1483 In
1161 1445 1290 1484 domo
1338 1454 1479 1484 nostra
1518 1461 1565 1485 »ε
1620 1460 1641 1484 <‹
1689 1448 1749 1486 Ita

184 1510 367 1557 omnino,
404 1511 538 1562 inquit
571 1513 841 1561 Torniellius;
877 1515 1033 1566 quippe
1066 1515 1146 1554 huc
1180 1530 1325 1555 omnes
1357 1516 1562 1568 cogimur.
1598 1518 1748 1556 Nonne

185 1581 379 1620 omnibus
423 1582 648 1634 aliquando
690 1593 753 1624 est
795 1587 1086 1636 pereundum?
1129 1602 1151 1626 ›>
1204 1587 1312 1626 Dein
1346 1588 1477 1626 foveis
1510 1588 1746 1635 excavatis,

183 1661 310 1703 atque
343 1653 506 1692 ossibus
540 1655 745 1702 extractis,
782 1656 882 1695 haec
915 1657 1186 1696 circumfusae
1225 1658 1479 1698 multitudini
1513 1667 1748 1698 ostentans:

184 1737 205 1761 <<
236 1723 471 1769 Intuemini,
508 1724 653 1775 inquit,
689 1740 772 1776 quo
806 1735 995 1766 nostrum
1039 1728 1216 1779 quisque
1260 1729 1427 1768 tandem
1451 1729 1504 1768 sit
1536 1744 1746 1769 evasurus.

186 1794 324 1833 Pulvis
357 1804 397 1833 et
432 1796 577 1834 umbra
609 1810 765 1836 sumus.
801 1799 1115 1838 Malesactorum
1159 1799 1286 1851 igitur
1325 1814 1399 1839 nos
1443 1801 1674 1851 poeniteat;
1709 1809 1749 1840 et

181 1865 380 1916 quoniam
420 1875 603 1916 potestas
651 1868 790 1915 datur,
840 1869 1001 1908 animae
1057 1870 1178 1909 saluti
1232 1871 1508 1922 sempiternae
1562 1873 1747 1910 consula-

183 1950 273 1975 mus
296 1951 330 1975 ».
366 1936 528 1987 Quibus
561 1938 731 1983 auditis,
769 1939 808 1977 in
841 1939 1029 1979 lacrimas
1078 1941 1364 1993 unusquisque
1407 1942 1649 1993 irrumpere,
1700 1957 1746 1981 ac

182 2007 379 2057 polliceri,
415 2021 458 2045 se
492 2022 514 2046 a
547 2008 657 2047 vitiis
706 2018 1033 2060 temperaturum
1081 2026 1127 2050 ac
1177 2012 1255 2050 Dei
1305 2012 1506 2063 imperata
1540 2022 1748 2064 perpetuo

183 2078 399 2116 facturum.
437 2079 530 2117 Hoc
579 2079 687 2118 idem
721 2080 761 2118 in
805 2081 894 2119 soro
938 2082 1154 2132 praestitit,
1202 2083 1241 2120 in
1286 2097 1370 2134 quo
1417 2084 1645 2134 antiquitus
1694 2084 1751 2123 ci-

181 2149 295 2187 vium
314 2149 486 2187 exuviae
510 2149 728 2196 inhumari,
750 2159 874 2202 atque
897 2152 936 2190 in
960 2153 1168 2203 praesenti
1203 2154 1378 2193 choreae
1411 2154 1505 2193 duci
1540 2155 1740 2194 solebant.

182 2220 290 2257 Nam
314 2219 449 2257 solum
473 2220 599 2258 effodi
633 2220 762 2264 iussit,
799 2222 1083 2274 sepulcrisque
1116 2224 1309 2271 detectis:
1344 2238 1365 2263 «
1395 2225 1470 2271 En,
1506 2239 1568 2269 en,
1596 2225 1741 2276 inquit,

184 2289 387 2327 maiorum
422 2298 654 2329 vestrorum
688 2292 902 2331 cadavera.
937 2294 1073 2344 Super
1096 2294 1196 2333 haec
1219 2295 1391 2333 choreas
1425 2295 1634 2346 plauditis.
1671 2296 1744 2335 Ca-

180 2369 274 2399 vete
308 2374 358 2399 ne
392 2361 461 2398 filii
496 2362 634 2407 vestri,
670 2363 733 2401 vel
770 2372 942 2413 nepotes
976 2378 1101 2415 super
1123 2374 1261 2404 vestra
1283 2365 1505 2416 aliquando
1540 2367 1745 2406 cadavera

181 2431 357 2481 pedibus
380 2432 569 2471 exsiliant
591 2446 631 2471 ».
668 2433 830 2483 Quibus
853 2434 990 2472 verbis
1014 2434 1159 2481 effecit,
1187 2444 1230 2474 ut
1253 2450 1376 2475 nemo
1399 2450 1449 2475 ex
1473 2437 1538 2475 illa
1564 2437 1615 2476 ad
1639 2437 1744 2476 hanc

182 2515 313 2552 usque
345 2511 535 2548 aetatem,
571 2517 619 2542 eo
653 2503 693 2541 in
727 2505 818 2543 loco
851 2505 1024 2543 choreas
1058 2514 1221 2544 nectere
1254 2507 1436 2546 auderet.

272 2573 378 2611 Illud
410 2573 534 2612 etiam
568 2575 694 2613 moris
727 2576 883 2614 habuit.
921 2577 1236 2616 Intendentibus
1269 2592 1313 2616 se
1346 2578 1539 2623 tenebris,
1576 2580 1640 2617 vel
1673 2579 1741 2617 die

180 2643 416 2694 adpetente,
452 2644 599 2695 ingens
634 2646 727 2684 Iesu
751 2645 859 2684 cruci
883 2646 990 2684 affixi
1015 2647 1281 2686 simulacrum
1306 2648 1345 2686 in
1369 2649 1520 2688 feretro
1553 2658 1741 2693 stratum,

179 2723 354 2765 atroque
378 2714 471 2753 velo
493 2724 698 2765 opertum,
731 2716 770 2754 in
804 2717 969 2767 publica
1002 2717 1068 2756 via
1100 2718 1284 2765 sistebat;
1319 2720 1594 2771 mittebatque
1628 2736 1742 2772 prae-

181 2798 319 2831 cones,
354 2785 424 2836 qui
458 2800 771 2837 quaquaversus
814 2788 1106 2833 discurrerent,
1153 2789 1524 2842 inclamarentque:
1560 2808 1581 2830 «
1612 2794 1741 2835 Heus,

183 2856 307 2894 heus!
342 2856 542 2895 Actutum
566 2858 779 2901 accurrite,
815 2858 939 2897 cives.
980 2860 1121 2898 Homo
1155 2869 1216 2899 est
1250 2861 1506 2902 interfectus!
1538 2878 1585 2902 ».
1622 2863 1743 2903 Com·
