<?xml version="1.0" encoding="UTF-8"?>
<!DOCTYPE html PUBLIC "-//W3C//DTD XHTML 1.0 Transitional//EN"
    "http://www.w3.org/TR/xhtml1/DTD/xhtml1-transitional.dtd">
<html xmlns="http://www.w3.org/1999/xhtml" xml:lang="en" lang="en">
 <head>
  <title>
</title>
<meta http-equiv="Content-Type" content="text/html;charset=utf-8" />
  <meta name='ocr-system' content='tesseract 3.04.00' />
  <meta name='ocr-capabilities' content='ocr_page ocr_carea ocr_par ocr_line ocrx_word'/>
</head>
<body>
  <div class='ocr_page' id='page_1' title='image "./declarissodalibu00casa_0044.png"; bbox 0 0 1926 3200; ppageno 0'>
   <div class='ocr_carea' id='block_1_1' title="bbox 164 316 1749 2926">
    <p class='ocr_par' dir='ltr' id='par_1_1' title="bbox 169 316 1749 1578">
     <span class='ocr_line' id='line_1_1' title="bbox 175 316 1743 369; baseline 0.001 -14"><span class='ocrx_word' id='word_1_1' title='bbox 175 316 289 363; x_wconf 84' lang='lat' dir='ltr'>illud,</span> <span class='ocrx_word' id='word_1_2' title='bbox 315 326 356 356; x_wconf 92' lang='lat' dir='ltr'>et</span> <span class='ocrx_word' id='word_1_3' title='bbox 378 317 654 356; x_wconf 88' lang='lat' dir='ltr'>clarissimum</span> <span class='ocrx_word' id='word_1_4' title='bbox 677 317 903 369; x_wconf 79' lang='lat' dir='ltr'>collegium</span> <span class='ocrx_word' id='word_1_5' title='bbox 925 317 1176 363; x_wconf 81' lang='lat' dir='ltr'>taurinense,</span> <span class='ocrx_word' id='word_1_6' title='bbox 1203 317 1269 356; x_wconf 94' lang='lat' dir='ltr'>cui</span> <span class='ocrx_word' id='word_1_7' title='bbox 1293 332 1315 356; x_wconf 89' lang='lat' dir='ltr'>a</span> <span class='ocrx_word' id='word_1_8' title='bbox 1340 317 1569 356; x_wconf 83' lang='lat' dir='ltr'>Provinciis</span> <span class='ocrx_word' id='word_1_9' title='bbox 1591 331 1743 356; x_wconf 91' lang='lat' dir='ltr'>nomen</span> 
     </span>
     <span class='ocr_line' id='line_1_2' title="bbox 174 388 1747 435; baseline 0.001 -9"><span class='ocrx_word' id='word_1_10' title='bbox 174 388 365 435; x_wconf 89' lang='lat' dir='ltr'>inditum,</span> <span class='ocrx_word' id='word_1_11' title='bbox 401 389 609 428; x_wconf 81' lang='lat' dir='ltr'>sodalium</span> <span class='ocrx_word' id='word_1_12' title='bbox 641 398 883 428; x_wconf 92' lang='lat' dir='ltr'>nostrorum</span> <span class='ocrx_word' id='word_1_13' title='bbox 917 389 1011 427; x_wconf 92' lang='lat' dir='ltr'>fidei</span> <span class='ocrx_word' id='word_1_14' title='bbox 1044 389 1392 428; x_wconf 87' lang='lat' dir='ltr'>committendum</span> <span class='ocrx_word' id='word_1_15' title='bbox 1425 389 1598 428; x_wconf 85' lang='lat' dir='ltr'>curavit.</span> <span class='ocrx_word' id='word_1_16' title='bbox 1635 388 1747 428; x_wconf 85' lang='lat' dir='ltr'>Huic</span> 
     </span>
     <span class='ocr_line' id='line_1_3' title="bbox 175 459 1748 511; baseline 0 -13"><span class='ocrx_word' id='word_1_17' title='bbox 175 460 381 511; x_wconf 87' lang='lat' dir='ltr'>regundo,</span> <span class='ocrx_word' id='word_1_18' title='bbox 416 474 439 498; x_wconf 90' lang='lat' dir='ltr'>a</span> <span class='ocrx_word' id='word_1_19' title='bbox 473 460 517 499; x_wconf 91' lang='lat' dir='ltr'>P.</span> <span class='ocrx_word' id='word_1_20' title='bbox 553 460 799 511; x_wconf 75' lang='lat' dir='ltr'>Praeposito</span> <span class='ocrx_word' id='word_1_21' title='bbox 833 460 1027 500; x_wconf 85' lang='lat' dir='ltr'>Generali</span> <span class='ocrx_word' id='word_1_22' title='bbox 1052 459 1223 499; x_wconf 85' lang='lat' dir='ltr'>Ordinis</span> <span class='ocrx_word' id='word_1_23' title='bbox 1246 460 1389 506; x_wconf 87' lang='lat' dir='ltr'>nostri,</span> <span class='ocrx_word' id='word_1_24' title='bbox 1415 460 1587 499; x_wconf 86' lang='lat' dir='ltr'>Grassio</span> <span class='ocrx_word' id='word_1_25' title='bbox 1621 459 1748 511; x_wconf 89' lang='lat' dir='ltr'>potis-</span> 
     </span>
     <span class='ocr_line' id='line_1_4' title="bbox 174 531 1749 582; baseline 0 -13"><span class='ocrx_word' id='word_1_26' title='bbox 174 531 327 569; x_wconf 88' lang='lat' dir='ltr'>simum</span> <span class='ocrx_word' id='word_1_27' title='bbox 360 531 586 578; x_wconf 79' lang='lat' dir='ltr'>adnitente,</span> <span class='ocrx_word' id='word_1_28' title='bbox 622 531 784 570; x_wconf 89' lang='lat' dir='ltr'>sodales</span> <span class='ocrx_word' id='word_1_29' title='bbox 818 531 1100 582; x_wconf 76' lang='lat' dir='ltr'>probatissimi</span> <span class='ocrx_word' id='word_1_30' title='bbox 1135 531 1283 570; x_wconf 90' lang='lat' dir='ltr'>delecti</span> <span class='ocrx_word' id='word_1_31' title='bbox 1307 539 1416 570; x_wconf 89' lang='lat' dir='ltr'>sunt.</span> <span class='ocrx_word' id='word_1_32' title='bbox 1451 531 1551 570; x_wconf 88' lang='lat' dir='ltr'>Eius</span> <span class='ocrx_word' id='word_1_33' title='bbox 1584 545 1749 570; x_wconf 89' lang='lat' dir='ltr'>summa</span> 
     </span>
     <span class='ocr_line' id='line_1_5' title="bbox 173 602 1744 653; baseline -0.001 -12"><span class='ocrx_word' id='word_1_34' title='bbox 173 610 236 641; x_wconf 89' lang='lat' dir='ltr'>est</span> <span class='ocrx_word' id='word_1_35' title='bbox 258 602 395 642; x_wconf 87' lang='lat' dir='ltr'>delata</span> <span class='ocrx_word' id='word_1_36' title='bbox 420 603 463 642; x_wconf 84' lang='lat' dir='ltr'>P.</span> <span class='ocrx_word' id='word_1_37' title='bbox 491 602 635 642; x_wconf 87' lang='lat' dir='ltr'>Ioanni</span> <span class='ocrx_word' id='word_1_38' title='bbox 661 603 898 649; x_wconf 87' lang='lat' dir='ltr'>Roothaan‚</span> <span class='ocrx_word' id='word_1_39' title='bbox 924 602 1014 641; x_wconf 76' lang='lat' dir='ltr'>viro</span> <span class='ocrx_word' id='word_1_40' title='bbox 1037 602 1376 653; x_wconf 87' lang='lat' dir='ltr'>prudentissimo,</span> <span class='ocrx_word' id='word_1_41' title='bbox 1401 602 1744 653; x_wconf 88' lang='lat' dir='ltr'>doctissimoque,</span> 
     </span>
     <span class='ocr_line' id='line_1_6' title="bbox 173 673 1743 725; baseline 0 -14"><span class='ocrx_word' id='word_1_42' title='bbox 173 673 244 724; x_wconf 90' lang='lat' dir='ltr'>qui</span> <span class='ocrx_word' id='word_1_43' title='bbox 268 674 542 724; x_wconf 90' lang='lat' dir='ltr'>postmodum</span> <span class='ocrx_word' id='word_1_44' title='bbox 575 687 814 725; x_wconf 81' lang='lat' dir='ltr'>supremam</span> <span class='ocrx_word' id='word_1_45' title='bbox 848 683 1015 712; x_wconf 88' lang='lat' dir='ltr'>nostrae</span> <span class='ocrx_word' id='word_1_46' title='bbox 1049 673 1270 712; x_wconf 85' lang='lat' dir='ltr'>Societatis</span> <span class='ocrx_word' id='word_1_47' title='bbox 1292 673 1594 725; x_wconf 84' lang='lat' dir='ltr'>praefecturam</span> <span class='ocrx_word' id='word_1_48' title='bbox 1628 673 1743 712; x_wconf 85' lang='lat' dir='ltr'>obiit.</span> 
     </span>
     <span class='ocr_line' id='line_1_7' title="bbox 173 743 1747 795; baseline 0 -13"><span class='ocrx_word' id='word_1_49' title='bbox 173 743 422 795; x_wconf 89' lang='lat' dir='ltr'>Magisterio</span> <span class='ocrx_word' id='word_1_50' title='bbox 456 744 634 795; x_wconf 85' lang='lat' dir='ltr'>pietatis,</span> <span class='ocrx_word' id='word_1_51' title='bbox 670 752 710 783; x_wconf 91' lang='lat' dir='ltr'>et</span> <span class='ocrx_word' id='word_1_52' title='bbox 742 743 900 791; x_wconf 89' lang='lat' dir='ltr'>litteris,</span> <span class='ocrx_word' id='word_1_53' title='bbox 936 752 1024 782; x_wconf 90' lang='lat' dir='ltr'>tum</span> <span class='ocrx_word' id='word_1_54' title='bbox 1057 743 1206 790; x_wconf 90' lang='lat' dir='ltr'>latinis,</span> <span class='ocrx_word' id='word_1_55' title='bbox 1232 752 1320 783; x_wconf 90' lang='lat' dir='ltr'>tum</span> <span class='ocrx_word' id='word_1_56' title='bbox 1354 743 1499 782; x_wconf 85' lang='lat' dir='ltr'>italicis</span> <span class='ocrx_word' id='word_1_57' title='bbox 1532 743 1747 783; x_wconf 84' lang='lat' dir='ltr'>tradendis</span> 
     </span>
     <span class='ocr_line' id='line_1_8' title="bbox 171 814 1744 865; baseline -0.001 -12"><span class='ocrx_word' id='word_1_58' title='bbox 171 814 438 865; x_wconf 90' lang='lat' dir='ltr'>praepositus</span> <span class='ocrx_word' id='word_1_59' title='bbox 471 822 534 854; x_wconf 90' lang='lat' dir='ltr'>est</span> <span class='ocrx_word' id='word_1_60' title='bbox 572 815 615 854; x_wconf 89' lang='grc' dir='ltr'>Ρ.</span> <span class='ocrx_word' id='word_1_61' title='bbox 652 815 897 853; x_wconf 85' lang='lat' dir='ltr'>Franciscus</span> <span class='ocrx_word' id='word_1_62' title='bbox 932 814 1114 861; x_wconf 89' lang='lat' dir='ltr'>Manera,</span> <span class='ocrx_word' id='word_1_63' title='bbox 1160 814 1287 853; x_wconf 91' lang='lat' dir='ltr'>domo</span> <span class='ocrx_word' id='word_1_64' title='bbox 1330 814 1521 865; x_wconf 85' lang='lat' dir='ltr'>Neapoli,</span> <span class='ocrx_word' id='word_1_65' title='bbox 1557 814 1744 853; x_wconf 87' lang='lat' dir='ltr'>omnium</span> 
     </span>
     <span class='ocr_line' id='line_1_9' title="bbox 173 885 1746 937; baseline 0 -13"><span class='ocrx_word' id='word_1_66' title='bbox 173 885 322 925; x_wconf 89' lang='lat' dir='ltr'>aetatis</span> <span class='ocrx_word' id='word_1_67' title='bbox 371 900 469 925; x_wconf 87' lang='lat' dir='ltr'>suae</span> <span class='ocrx_word' id='word_1_68' title='bbox 519 886 559 925; x_wconf 91' lang='lat' dir='ltr'>in</span> <span class='ocrx_word' id='word_1_69' title='bbox 608 886 845 937; x_wconf 78' lang='lat' dir='ltr'>omnigenis</span> <span class='ocrx_word' id='word_1_70' title='bbox 893 885 1120 936; x_wconf 87' lang='lat' dir='ltr'>disciplinis</span> <span class='ocrx_word' id='word_1_71' title='bbox 1170 885 1551 937; x_wconf 86' lang='lat' dir='ltr'>praestantissimus</span> <span class='ocrx_word' id='word_1_72' title='bbox 1585 887 1662 936; x_wconf 74' lang='lat'>(4).</span> <span class='ocrx_word' id='word_1_73' title='bbox 1705 886 1746 924; x_wconf 89' lang='lat' dir='ltr'>Is</span> 
     </span>
     <span class='ocr_line' id='line_1_10' title="bbox 171 957 1747 1009; baseline -0.001 -13"><span class='ocrx_word' id='word_1_74' title='bbox 171 966 401 1008; x_wconf 84' lang='lat' dir='ltr'>praeterea,</span> <span class='ocrx_word' id='word_1_75' title='bbox 451 957 564 1009; x_wconf 92' lang='lat' dir='ltr'>regis</span> <span class='ocrx_word' id='word_1_76' title='bbox 612 958 794 1003; x_wconf 84' lang='lat' dir='ltr'>decreto,</span> <span class='ocrx_word' id='word_1_77' title='bbox 845 957 1109 1008; x_wconf 85' lang='lat' dir='ltr'>eloquentiae</span> <span class='ocrx_word' id='word_1_78' title='bbox 1151 966 1373 1008; x_wconf 89' lang='lat' dir='ltr'>praecepta</span> <span class='ocrx_word' id='word_1_79' title='bbox 1406 957 1509 1008; x_wconf 87' lang='lat' dir='ltr'>regii</span> <span class='ocrx_word' id='word_1_80' title='bbox 1555 957 1747 996; x_wconf 85' lang='lat' dir='ltr'>athenaei</span> 
     </span>
     <span class='ocr_line' id='line_1_11' title="bbox 169 1027 1744 1079; baseline -0.001 -12"><span class='ocrx_word' id='word_1_81' title='bbox 169 1028 348 1067; x_wconf 89' lang='lat' dir='ltr'>alumnis</span> <span class='ocrx_word' id='word_1_82' title='bbox 382 1029 500 1068; x_wconf 90' lang='lat' dir='ltr'>statis</span> <span class='ocrx_word' id='word_1_83' title='bbox 533 1027 685 1067; x_wconf 81' lang='lat' dir='ltr'>diebus&#39;</span> <span class='ocrx_word' id='word_1_84' title='bbox 721 1028 884 1067; x_wconf 88' lang='lat' dir='ltr'>tradere</span> <span class='ocrx_word' id='word_1_85' title='bbox 931 1036 994 1067; x_wconf 92' lang='lat' dir='ltr'>est</span> <span class='ocrx_word' id='word_1_86' title='bbox 1037 1028 1186 1067; x_wconf 92' lang='lat' dir='ltr'>iussus.</span> <span class='ocrx_word' id='word_1_87' title='bbox 1232 1028 1329 1079; x_wconf 75' lang='lat' dir='ltr'>Quo</span> <span class='ocrx_word' id='word_1_88' title='bbox 1363 1028 1402 1066; x_wconf 90' lang='lat' dir='ltr'>in</span> <span class='ocrx_word' id='word_1_89' title='bbox 1442 1042 1625 1073; x_wconf 88' lang='lat' dir='ltr'>munere,</span> <span class='ocrx_word' id='word_1_90' title='bbox 1660 1028 1744 1067; x_wconf 88' lang='lat' dir='ltr'>tale</span> 
     </span>
     <span class='ocr_line' id='line_1_12' title="bbox 169 1098 1743 1150; baseline -0.001 -13"><span class='ocrx_word' id='word_1_91' title='bbox 169 1113 217 1137; x_wconf 90' lang='lat' dir='ltr'>ac</span> <span class='ocrx_word' id='word_1_92' title='bbox 261 1106 423 1138; x_wconf 89' lang='lat' dir='ltr'>tantum</span> <span class='ocrx_word' id='word_1_93' title='bbox 458 1099 615 1150; x_wconf 87' lang='lat' dir='ltr'>ingenii</span> <span class='ocrx_word' id='word_1_94' title='bbox 659 1098 890 1150; x_wconf 90' lang='lat' dir='ltr'>periculum</span> <span class='ocrx_word' id='word_1_95' title='bbox 939 1098 1046 1145; x_wconf 90' lang='lat' dir='ltr'>fecit,</span> <span class='ocrx_word' id='word_1_96' title='bbox 1096 1106 1141 1137; x_wconf 93' lang='lat' dir='ltr'>ut</span> <span class='ocrx_word' id='word_1_97' title='bbox 1189 1098 1543 1149; x_wconf 83' lang='lat' dir='ltr'>exspectationem</span> <span class='ocrx_word' id='word_1_98' title='bbox 1577 1112 1743 1149; x_wconf 86' lang='lat' dir='ltr'>supera-</span> 
     </span>
     <span class='ocr_line' id='line_1_13' title="bbox 171 1169 1746 1222; baseline -0.001 -13"><span class='ocrx_word' id='word_1_99' title='bbox 171 1171 293 1217; x_wconf 85' lang='lat' dir='ltr'>verit,</span> <span class='ocrx_word' id='word_1_100' title='bbox 328 1179 369 1209; x_wconf 94' lang='lat' dir='ltr'>et</span> <span class='ocrx_word' id='word_1_101' title='bbox 402 1172 640 1222; x_wconf 82' lang='lat' dir='ltr'>Augustam</span> <span class='ocrx_word' id='word_1_102' title='bbox 673 1179 817 1217; x_wconf 88' lang='lat' dir='ltr'>totam,</span> <span class='ocrx_word' id='word_1_103' title='bbox 854 1171 954 1221; x_wconf 92' lang='lat' dir='ltr'>quin</span> <span class='ocrx_word' id='word_1_104' title='bbox 988 1170 1112 1209; x_wconf 88' lang='lat' dir='ltr'>etiam</span> <span class='ocrx_word' id='word_1_105' title='bbox 1152 1170 1387 1208; x_wconf 88' lang='lat' dir='ltr'>universam</span> <span class='ocrx_word' id='word_1_106' title='bbox 1427 1169 1746 1220; x_wconf 85' lang='lat' dir='ltr'>subalpinorum</span> 
     </span>
     <span class='ocr_line' id='line_1_14' title="bbox 170 1241 1745 1294; baseline -0.001 -13"><span class='ocrx_word' id='word_1_107' title='bbox 170 1242 387 1294; x_wconf 82' lang='lat' dir='ltr'>regionem</span> <span class='ocrx_word' id='word_1_108' title='bbox 411 1242 520 1281; x_wconf 86' lang='lat' dir='ltr'>fama</span> <span class='ocrx_word' id='word_1_109' title='bbox 542 1242 827 1293; x_wconf 88' lang='lat' dir='ltr'>compleverit.</span> <span class='ocrx_word' id='word_1_110' title='bbox 854 1243 1000 1293; x_wconf 89' lang='lat' dir='ltr'>Itaque</span> <span class='ocrx_word' id='word_1_111' title='bbox 1023 1241 1224 1280; x_wconf 83' lang='lat' dir='ltr'>maximas</span> <span class='ocrx_word' id='word_1_112' title='bbox 1250 1241 1359 1280; x_wconf 90' lang='lat' dir='ltr'>Patri</span> <span class='ocrx_word' id='word_1_113' title='bbox 1392 1241 1564 1280; x_wconf 85' lang='lat' dir='ltr'>Grassio</span> <span class='ocrx_word' id='word_1_114' title='bbox 1598 1241 1745 1280; x_wconf 86' lang='lat' dir='ltr'>civitas</span> 
     </span>
     <span class='ocr_line' id='line_1_15' title="bbox 170 1313 1735 1365; baseline -0.001 -12"><span class='ocrx_word' id='word_1_115' title='bbox 170 1314 326 1365; x_wconf 84' lang='lat' dir='ltr'>gratias</span> <span class='ocrx_word' id='word_1_116' title='bbox 359 1314 459 1365; x_wconf 90' lang='lat' dir='ltr'>egit,</span> <span class='ocrx_word' id='word_1_117' title='bbox 494 1314 651 1361; x_wconf 85' lang='lat' dir='ltr'>habuit,</span> <span class='ocrx_word' id='word_1_118' title='bbox 676 1314 914 1365; x_wconf 89' lang='lat' dir='ltr'>retulitque.</span> <span class='ocrx_word' id='word_1_119' title='bbox 940 1313 1021 1352; x_wconf 89' lang='lat' dir='ltr'>Hic</span> <span class='ocrx_word' id='word_1_120' title='bbox 1044 1313 1154 1352; x_wconf 85' lang='lat' dir='ltr'>enirn</span> <span class='ocrx_word' id='word_1_121' title='bbox 1178 1314 1327 1352; x_wconf 91' lang='lat' dir='ltr'>horum</span> <span class='ocrx_word' id='word_1_122' title='bbox 1357 1313 1547 1352; x_wconf 86' lang='lat' dir='ltr'>omnium</span> <span class='ocrx_word' id='word_1_123' title='bbox 1580 1322 1735 1359; x_wconf 85' lang='lat' dir='ltr'>auctor,</span> 
     </span>
     <span class='ocr_line' id='line_1_16' title="bbox 171 1383 1743 1435; baseline -0.001 -12"><span class='ocrx_word' id='word_1_124' title='bbox 171 1386 236 1423; x_wconf 92' lang='lat' dir='ltr'>vel</span> <span class='ocrx_word' id='word_1_125' title='bbox 269 1399 416 1424; x_wconf 85' lang='lat' dir='ltr'>suasor</span> <span class='ocrx_word' id='word_1_126' title='bbox 448 1385 656 1424; x_wconf 83' lang='lat' dir='ltr'>exstitisse</span> <span class='ocrx_word' id='word_1_127' title='bbox 689 1386 947 1424; x_wconf 83' lang='lat' dir='ltr'>censebatur.</span> <span class='ocrx_word' id='word_1_128' title='bbox 981 1384 1063 1435; x_wconf 74' lang='lat' dir='ltr'>Qui</span> <span class='ocrx_word' id='word_1_129' title='bbox 1096 1384 1261 1423; x_wconf 76' lang='lat' dir='ltr'>tametsi</span> <span class='ocrx_word' id='word_1_130' title='bbox 1295 1383 1486 1434; x_wconf 86' lang='lat' dir='ltr'>Collegio</span> <span class='ocrx_word' id='word_1_131' title='bbox 1520 1383 1743 1422; x_wconf 92' lang='lat' dir='ltr'>Nobilium</span> 
     </span>
     <span class='ocr_line' id='line_1_17' title="bbox 171 1454 1745 1507; baseline -0.002 -12"><span class='ocrx_word' id='word_1_132' title='bbox 171 1457 429 1495; x_wconf 89' lang='lat' dir='ltr'>moderando</span> <span class='ocrx_word' id='word_1_133' title='bbox 463 1456 563 1495; x_wconf 91' lang='lat' dir='ltr'>satis</span> <span class='ocrx_word' id='word_1_134' title='bbox 593 1470 802 1507; x_wconf 87' lang='lat' dir='ltr'>superque</span> <span class='ocrx_word' id='word_1_135' title='bbox 836 1456 1122 1502; x_wconf 87' lang='lat' dir='ltr'>distinebatur,</span> <span class='ocrx_word' id='word_1_136' title='bbox 1163 1464 1321 1501; x_wconf 89' lang='lat' dir='ltr'>tamen,</span> <span class='ocrx_word' id='word_1_137' title='bbox 1346 1455 1499 1494; x_wconf 84' lang='lat' dir='ltr'>civium</span> <span class='ocrx_word' id='word_1_138' title='bbox 1522 1454 1745 1493; x_wconf 68' lang='lat' dir='ltr'>desiderio&gt;</span> 
     </span>
     <span class='ocr_line' id='line_1_18' title="bbox 173 1526 1509 1578; baseline -0.001 -12"><span class='ocrx_word' id='word_1_139' title='bbox 173 1528 297 1566; x_wconf 90' lang='lat' dir='ltr'>etiam</span> <span class='ocrx_word' id='word_1_140' title='bbox 331 1527 534 1578; x_wconf 88' lang='lat' dir='ltr'>Gynnasii</span> <span class='ocrx_word' id='word_1_141' title='bbox 568 1527 714 1566; x_wconf 88' lang='lat' dir='ltr'>urbani</span> <span class='ocrx_word' id='word_1_142' title='bbox 747 1528 899 1566; x_wconf 89' lang='lat' dir='ltr'>scholis</span> <span class='ocrx_word' id='word_1_143' title='bbox 932 1526 1125 1566; x_wconf 89' lang='lat' dir='ltr'>omnibus</span> <span class='ocrx_word' id='word_1_144' title='bbox 1159 1534 1224 1565; x_wconf 88' lang='lat' dir='ltr'>est</span> <span class='ocrx_word' id='word_1_145' title='bbox 1264 1526 1509 1577; x_wconf 85' lang='lat' dir='ltr'>praefectus.</span> 
     </span>
    </p>

    <p class='ocr_par' dir='ltr' id='par_1_2' title="bbox 164 1596 1749 2643">
     <span class='ocr_line' id='line_1_19' title="bbox 261 1596 1742 1649; baseline -0.001 -12"><span class='ocrx_word' id='word_1_146' title='bbox 261 1599 330 1637; x_wconf 78' lang='lat' dir='ltr'>Ad</span> <span class='ocrx_word' id='word_1_147' title='bbox 363 1599 465 1637; x_wconf 87' lang='lat' dir='ltr'>haec</span> <span class='ocrx_word' id='word_1_148' title='bbox 497 1598 681 1645; x_wconf 89' lang='lat' dir='ltr'>accessit,</span> <span class='ocrx_word' id='word_1_149' title='bbox 723 1599 837 1649; x_wconf 89' lang='lat' dir='ltr'>quod</span> <span class='ocrx_word' id='word_1_150' title='bbox 871 1598 1045 1637; x_wconf 89' lang='lat' dir='ltr'>Carolus</span> <span class='ocrx_word' id='word_1_151' title='bbox 1084 1597 1213 1643; x_wconf 81' lang='lat' dir='ltr'>Felix,</span> <span class='ocrx_word' id='word_1_152' title='bbox 1258 1605 1298 1635; x_wconf 90' lang='lat' dir='ltr'>et</span> <span class='ocrx_word' id='word_1_153' title='bbox 1342 1597 1473 1635; x_wconf 90' lang='lat' dir='ltr'>Maria</span> <span class='ocrx_word' id='word_1_154' title='bbox 1517 1596 1742 1643; x_wconf 86' lang='lat' dir='ltr'>Christina,</span> 
     </span>
     <span class='ocr_line' id='line_1_20' title="bbox 175 1668 1742 1721; baseline -0.002 -12"><span class='ocrx_word' id='word_1_155' title='bbox 175 1670 263 1709; x_wconf 92' lang='lat' dir='ltr'>eius</span> <span class='ocrx_word' id='word_1_156' title='bbox 295 1670 447 1709; x_wconf 81' lang='lat' dir='ltr'>coniux</span> <span class='ocrx_word' id='word_1_157' title='bbox 479 1670 806 1721; x_wconf 86' lang='lat' dir='ltr'>religiosissima,</span> <span class='ocrx_word' id='word_1_158' title='bbox 847 1670 1026 1709; x_wconf 90' lang='lat' dir='ltr'>eundem</span> <span class='ocrx_word' id='word_1_159' title='bbox 1065 1669 1281 1709; x_wconf 88' lang='lat' dir='ltr'>Grassium</span> <span class='ocrx_word' id='word_1_160' title='bbox 1315 1669 1391 1707; x_wconf 88' lang='lat' dir='ltr'>sibi</span> <span class='ocrx_word' id='word_1_161' title='bbox 1425 1683 1447 1707; x_wconf 86' lang='lat' dir='ltr'>a</span> <span class='ocrx_word' id='word_1_162' title='bbox 1480 1668 1607 1707; x_wconf 89' lang='lat' dir='ltr'>sacris</span> <span class='ocrx_word' id='word_1_163' title='bbox 1649 1682 1742 1707; x_wconf 87' lang='lat' dir='ltr'>con-</span> 
     </span>
     <span class='ocr_line' id='line_1_21' title="bbox 170 1739 1743 1792; baseline -0.001 -12"><span class='ocrx_word' id='word_1_164' title='bbox 170 1742 422 1790; x_wconf 67' lang='lat' dir='ltr'>fessionibus</span> <span class='ocrx_word' id='word_1_165' title='bbox 456 1750 672 1792; x_wconf 90' lang='lat' dir='ltr'>optarunt;</span> <span class='ocrx_word' id='word_1_166' title='bbox 708 1755 836 1792; x_wconf 91' lang='lat' dir='ltr'>seque</span> <span class='ocrx_word' id='word_1_167' title='bbox 861 1741 901 1779; x_wconf 91' lang='lat' dir='ltr'>in</span> <span class='ocrx_word' id='word_1_168' title='bbox 925 1741 985 1787; x_wconf 88' lang='lat' dir='ltr'>iis,</span> <span class='ocrx_word' id='word_1_169' title='bbox 1011 1754 1118 1791; x_wconf 87' lang='lat' dir='ltr'>quae</span> <span class='ocrx_word' id='word_1_170' title='bbox 1152 1739 1315 1778; x_wconf 89' lang='lat' dir='ltr'>animae</span> <span class='ocrx_word' id='word_1_171' title='bbox 1338 1740 1513 1778; x_wconf 90' lang='lat' dir='ltr'>salutem</span> <span class='ocrx_word' id='word_1_172' title='bbox 1538 1747 1743 1790; x_wconf 87' lang='lat' dir='ltr'>spectant,</span> 
     </span>
     <span class='ocr_line' id='line_1_22' title="bbox 171 1811 1749 1864; baseline -0.001 -13"><span class='ocrx_word' id='word_1_173' title='bbox 171 1822 347 1864; x_wconf 91' lang='lat' dir='ltr'>uterque</span> <span class='ocrx_word' id='word_1_174' title='bbox 381 1812 548 1863; x_wconf 90' lang='lat' dir='ltr'>penitus</span> <span class='ocrx_word' id='word_1_175' title='bbox 571 1812 607 1851; x_wconf 92' lang='lat' dir='ltr'>ei</span> <span class='ocrx_word' id='word_1_176' title='bbox 631 1812 991 1851; x_wconf 86' lang='lat' dir='ltr'>concrediderunt.</span> <span class='ocrx_word' id='word_1_177' title='bbox 1019 1813 1116 1863; x_wconf 77' lang='lat' dir='ltr'>Quo</span> <span class='ocrx_word' id='word_1_178' title='bbox 1145 1812 1267 1857; x_wconf 83' lang='lat' dir='ltr'>sacto,</span> <span class='ocrx_word' id='word_1_179' title='bbox 1302 1820 1387 1850; x_wconf 89' lang='lat' dir='ltr'>tota</span> <span class='ocrx_word' id='word_1_180' title='bbox 1410 1811 1522 1850; x_wconf 86' lang='lat' dir='ltr'>natio</span> <span class='ocrx_word' id='word_1_181' title='bbox 1555 1820 1618 1850; x_wconf 91' lang='lat' dir='ltr'>est</span> <span class='ocrx_word' id='word_1_182' title='bbox 1640 1824 1749 1849; x_wconf 89' lang='lat' dir='ltr'>corn-</span> 
     </span>
     <span class='ocr_line' id='line_1_23' title="bbox 172 1880 1744 1933; baseline -0.001 -12"><span class='ocrx_word' id='word_1_183' title='bbox 172 1892 297 1922; x_wconf 85' lang='lat' dir='ltr'>mota.</span> <span class='ocrx_word' id='word_1_184' title='bbox 335 1883 501 1922; x_wconf 86' lang='lat' dir='ltr'>Etenim</span> <span class='ocrx_word' id='word_1_185' title='bbox 534 1896 657 1922; x_wconf 86' lang='lat' dir='ltr'>nemo</span> <span class='ocrx_word' id='word_1_186' title='bbox 692 1897 774 1921; x_wconf 90' lang='lat' dir='ltr'>non</span> <span class='ocrx_word' id='word_1_187' title='bbox 808 1883 986 1926; x_wconf 83' lang='lat' dir='ltr'>videbat,</span> <span class='ocrx_word' id='word_1_188' title='bbox 1021 1882 1149 1921; x_wconf 83' lang='lat' dir='ltr'>totius</span> <span class='ocrx_word' id='word_1_189' title='bbox 1174 1881 1293 1933; x_wconf 89' lang='lat' dir='ltr'>regni</span> <span class='ocrx_word' id='word_1_190' title='bbox 1316 1882 1491 1920; x_wconf 88' lang='lat' dir='ltr'>salutem</span> <span class='ocrx_word' id='word_1_191' title='bbox 1521 1881 1561 1919; x_wconf 89' lang='lat' dir='ltr'>in</span> <span class='ocrx_word' id='word_1_192' title='bbox 1586 1880 1744 1920; x_wconf 86' lang='lat' dir='ltr'>Grassii</span> 
     </span>
     <span class='ocr_line' id='line_1_24' title="bbox 172 1952 1742 2005; baseline -0.002 -12"><span class='ocrx_word' id='word_1_193' title='bbox 172 1955 253 1993; x_wconf 89' lang='lat' dir='ltr'>fide</span> <span class='ocrx_word' id='word_1_194' title='bbox 287 1955 596 2005; x_wconf 84' lang='lat' dir='ltr'>propemodum</span> <span class='ocrx_word' id='word_1_195' title='bbox 632 1954 752 1993; x_wconf 87' lang='lat' dir='ltr'>sitam</span> <span class='ocrx_word' id='word_1_196' title='bbox 776 1968 879 1993; x_wconf 92' lang='lat' dir='ltr'>esse.</span> <span class='ocrx_word' id='word_1_197' title='bbox 907 1955 1063 2005; x_wconf 81' lang='lat' dir='ltr'>Itaque,</span> <span class='ocrx_word' id='word_1_198' title='bbox 1089 1953 1159 2004; x_wconf 94' lang='lat' dir='ltr'>qui</span> <span class='ocrx_word' id='word_1_199' title='bbox 1195 1953 1235 1991; x_wconf 89' lang='lat' dir='ltr'>in</span> <span class='ocrx_word' id='word_1_200' title='bbox 1268 1962 1451 1991; x_wconf 87' lang='lat' dir='ltr'>nostram</span> <span class='ocrx_word' id='word_1_201' title='bbox 1490 1952 1742 1991; x_wconf 85' lang='lat' dir='ltr'>Societatem</span> 
     </span>
     <span class='ocr_line' id='line_1_25' title="bbox 169 2023 1744 2076; baseline -0.002 -13"><span class='ocrx_word' id='word_1_202' title='bbox 169 2039 306 2076; x_wconf 91' lang='lat' dir='ltr'>aequo</span> <span class='ocrx_word' id='word_1_203' title='bbox 345 2025 485 2064; x_wconf 88' lang='lat' dir='ltr'>animo</span> <span class='ocrx_word' id='word_1_204' title='bbox 524 2026 754 2071; x_wconf 81' lang='lat' dir='ltr'>exstabant,</span> <span class='ocrx_word' id='word_1_205' title='bbox 796 2025 836 2063; x_wconf 90' lang='lat' dir='ltr'>in</span> <span class='ocrx_word' id='word_1_206' title='bbox 874 2039 992 2076; x_wconf 91' lang='lat' dir='ltr'>spem</span> <span class='ocrx_word' id='word_1_207' title='bbox 1035 2024 1151 2076; x_wconf 90' lang='lat' dir='ltr'>erigi,</span> <span class='ocrx_word' id='word_1_208' title='bbox 1192 2038 1238 2062; x_wconf 91' lang='lat' dir='ltr'>ac</span> <span class='ocrx_word' id='word_1_209' title='bbox 1280 2023 1433 2062; x_wconf 85' lang='lat' dir='ltr'>laetitia</span> <span class='ocrx_word' id='word_1_210' title='bbox 1466 2023 1639 2074; x_wconf 86' lang='lat' dir='ltr'>gestire;</span> <span class='ocrx_word' id='word_1_211' title='bbox 1673 2023 1744 2073; x_wconf 90' lang='lat' dir='ltr'>qui</span> 
     </span>
     <span class='ocr_line' id='line_1_26' title="bbox 168 2093 1743 2147; baseline -0.003 -12"><span class='ocrx_word' id='word_1_212' title='bbox 168 2110 267 2135; x_wconf 91' lang='lat' dir='ltr'>vero</span> <span class='ocrx_word' id='word_1_213' title='bbox 300 2095 481 2147; x_wconf 90' lang='lat' dir='ltr'>obliquis</span> <span class='ocrx_word' id='word_1_214' title='bbox 514 2096 643 2135; x_wconf 90' lang='lat' dir='ltr'>oculis</span> <span class='ocrx_word' id='word_1_215' title='bbox 677 2110 767 2135; x_wconf 89' lang='lat' dir='ltr'>eam</span> <span class='ocrx_word' id='word_1_216' title='bbox 800 2096 1098 2147; x_wconf 90' lang='lat' dir='ltr'>adspiciebant‚</span> <span class='ocrx_word' id='word_1_217' title='bbox 1140 2108 1297 2146; x_wconf 90' lang='lat' dir='ltr'>magno</span> <span class='ocrx_word' id='word_1_218' title='bbox 1338 2102 1452 2133; x_wconf 91' lang='lat' dir='ltr'>metu</span> <span class='ocrx_word' id='word_1_219' title='bbox 1492 2093 1661 2139; x_wconf 89' lang='lat' dir='ltr'>turbari,</span> <span class='ocrx_word' id='word_1_220' title='bbox 1696 2107 1743 2132; x_wconf 87' lang='lat' dir='ltr'>ac</span> 
     </span>
     <span class='ocr_line' id='line_1_27' title="bbox 164 2164 1744 2218; baseline -0.002 -13"><span class='ocrx_word' id='word_1_221' title='bbox 164 2167 387 2218; x_wconf 82' lang='lat' dir='ltr'>trepidare,</span> <span class='ocrx_word' id='word_1_222' title='bbox 424 2181 475 2205; x_wconf 88' lang='lat' dir='ltr'>ne</span> <span class='ocrx_word' id='word_1_223' title='bbox 509 2167 673 2206; x_wconf 92' lang='lat' dir='ltr'>sodales</span> <span class='ocrx_word' id='word_1_224' title='bbox 707 2167 837 2206; x_wconf 89' lang='lat' dir='ltr'>nostri</span> <span class='ocrx_word' id='word_1_225' title='bbox 872 2167 1025 2206; x_wconf 87' lang='lat' dir='ltr'>sensim</span> <span class='ocrx_word' id='word_1_226' title='bbox 1060 2166 1100 2205; x_wconf 90' lang='lat' dir='ltr'>in</span> <span class='ocrx_word' id='word_1_227' title='bbox 1133 2165 1481 2205; x_wconf 89' lang='lat' dir='ltr'>consuetudinem</span> <span class='ocrx_word' id='word_1_228' title='bbox 1527 2164 1645 2215; x_wconf 91' lang='lat' dir='ltr'>regni</span> <span class='ocrx_word' id='word_1_229' title='bbox 1679 2178 1744 2202; x_wconf 87' lang='lat' dir='ltr'>ve-</span> 
     </span>
     <span class='ocr_line' id='line_1_28' title="bbox 167 2235 1742 2289; baseline -0.002 -14"><span class='ocrx_word' id='word_1_230' title='bbox 167 2237 315 2283; x_wconf 87' lang='lat' dir='ltr'>nirent,</span> <span class='ocrx_word' id='word_1_231' title='bbox 352 2251 489 2276; x_wconf 87' lang='lat' dir='ltr'>rerum</span> <span class='ocrx_word' id='word_1_232' title='bbox 524 2238 770 2289; x_wconf 88' lang='lat' dir='ltr'>potirentur,</span> <span class='ocrx_word' id='word_1_233' title='bbox 806 2252 852 2276; x_wconf 89' lang='lat' dir='ltr'>ac</span> <span class='ocrx_word' id='word_1_234' title='bbox 885 2238 938 2276; x_wconf 88' lang='lat' dir='ltr'>de</span> <span class='ocrx_word' id='word_1_235' title='bbox 961 2252 1005 2276; x_wconf 91' lang='lat' dir='ltr'>se</span> <span class='ocrx_word' id='word_1_236' title='bbox 1034 2237 1260 2288; x_wconf 88' lang='lat' dir='ltr'>aliquando</span> <span class='ocrx_word' id='word_1_237' title='bbox 1294 2245 1431 2275; x_wconf 85' lang='lat' dir='ltr'>actum</span> <span class='ocrx_word' id='word_1_238' title='bbox 1465 2235 1583 2274; x_wconf 83' lang='lat' dir='ltr'>foret.</span> <span class='ocrx_word' id='word_1_239' title='bbox 1611 2236 1742 2273; x_wconf 90' lang='lat' dir='ltr'>Porro</span> 
     </span>
     <span class='ocr_line' id='line_1_29' title="bbox 170 2305 1737 2359; baseline -0.003 -12"><span class='ocrx_word' id='word_1_240' title='bbox 170 2309 366 2347; x_wconf 84' lang='lat' dir='ltr'>Grassius</span> <span class='ocrx_word' id='word_1_241' title='bbox 401 2308 441 2346; x_wconf 89' lang='lat' dir='ltr'>in</span> <span class='ocrx_word' id='word_1_242' title='bbox 476 2318 558 2348; x_wconf 86' lang='lat' dir='ltr'>tam</span> <span class='ocrx_word' id='word_1_243' title='bbox 593 2310 724 2348; x_wconf 92' lang='lat' dir='ltr'>arduo</span> <span class='ocrx_word' id='word_1_244' title='bbox 758 2323 929 2347; x_wconf 91' lang='lat' dir='ltr'>munere</span> <span class='ocrx_word' id='word_1_245' title='bbox 953 2308 1007 2347; x_wconf 86' lang='lat' dir='ltr'>ita</span> <span class='ocrx_word' id='word_1_246' title='bbox 1029 2322 1073 2347; x_wconf 90' lang='lat' dir='ltr'>se</span> <span class='ocrx_word' id='word_1_247' title='bbox 1103 2308 1246 2359; x_wconf 88' lang='lat' dir='ltr'>gessit,</span> <span class='ocrx_word' id='word_1_248' title='bbox 1273 2316 1317 2346; x_wconf 91' lang='lat' dir='ltr'>ut</span> <span class='ocrx_word' id='word_1_249' title='bbox 1351 2307 1391 2345; x_wconf 90' lang='lat' dir='ltr'>in</span> <span class='ocrx_word' id='word_1_250' title='bbox 1425 2306 1472 2345; x_wconf 89' lang='lat' dir='ltr'>iis</span> <span class='ocrx_word' id='word_1_251' title='bbox 1506 2320 1611 2357; x_wconf 89' lang='lat' dir='ltr'>quae</span> <span class='ocrx_word' id='word_1_252' title='bbox 1634 2305 1737 2344; x_wconf 87' lang='lat' dir='ltr'>sacri</span> 
     </span>
     <span class='ocr_line' id='line_1_30' title="bbox 169 2376 1745 2426; baseline -0.002 -9"><span class='ocrx_word' id='word_1_253' title='bbox 169 2379 385 2418; x_wconf 88' lang='lat' dir='ltr'>ministerii</span> <span class='ocrx_word' id='word_1_254' title='bbox 421 2379 523 2418; x_wconf 86' lang='lat' dir='ltr'>fines</span> <span class='ocrx_word' id='word_1_255' title='bbox 556 2380 815 2426; x_wconf 80' lang='lat' dir='ltr'>excederent,</span> <span class='ocrx_word' id='word_1_256' title='bbox 852 2379 1034 2417; x_wconf 91' lang='lat' dir='ltr'>medium</span> <span class='ocrx_word' id='word_1_257' title='bbox 1068 2379 1144 2417; x_wconf 90' lang='lat' dir='ltr'>iter</span> <span class='ocrx_word' id='word_1_258' title='bbox 1179 2386 1350 2423; x_wconf 89' lang='lat' dir='ltr'>teneret,</span> <span class='ocrx_word' id='word_1_259' title='bbox 1387 2391 1439 2415; x_wconf 88' lang='lat' dir='ltr'>ne</span> <span class='ocrx_word' id='word_1_260' title='bbox 1477 2377 1581 2415; x_wconf 84' lang='lat' dir='ltr'>sorte</span> <span class='ocrx_word' id='word_1_261' title='bbox 1615 2376 1655 2414; x_wconf 93' lang='lat' dir='ltr'>in</span> <span class='ocrx_word' id='word_1_262' title='bbox 1690 2377 1745 2415; x_wconf 90' lang='lat' dir='ltr'>al-</span> 
     </span>
     <span class='ocr_line' id='line_1_31' title="bbox 169 2449 1743 2498; baseline -0.002 -10"><span class='ocrx_word' id='word_1_263' title='bbox 169 2459 373 2489; x_wconf 89' lang='lat' dir='ltr'>terutrum</span> <span class='ocrx_word' id='word_1_264' title='bbox 408 2451 589 2497; x_wconf 85' lang='lat' dir='ltr'>flectens,</span> <span class='ocrx_word' id='word_1_265' title='bbox 626 2451 665 2489; x_wconf 91' lang='lat' dir='ltr'>in</span> <span class='ocrx_word' id='word_1_266' title='bbox 699 2451 871 2489; x_wconf 90' lang='lat' dir='ltr'>alicuius</span> <span class='ocrx_word' id='word_1_267' title='bbox 900 2449 1173 2489; x_wconf 86' lang='lat' dir='ltr'>offensionem</span> <span class='ocrx_word' id='word_1_268' title='bbox 1199 2449 1414 2488; x_wconf 89' lang='lat' dir='ltr'>incideret.</span> <span class='ocrx_word' id='word_1_269' title='bbox 1450 2449 1596 2498; x_wconf 88' lang='lat' dir='ltr'>Itaque</span> <span class='ocrx_word' id='word_1_270' title='bbox 1619 2461 1743 2486; x_wconf 89' lang='lat' dir='ltr'>nemo</span> 
     </span>
     <span class='ocr_line' id='line_1_32' title="bbox 168 2519 1739 2573; baseline -0.001 -14"><span class='ocrx_word' id='word_1_271' title='bbox 168 2521 256 2567; x_wconf 83' lang='lat' dir='ltr'>fuit,</span> <span class='ocrx_word' id='word_1_272' title='bbox 292 2521 392 2572; x_wconf 92' lang='lat' dir='ltr'>quin</span> <span class='ocrx_word' id='word_1_273' title='bbox 427 2521 570 2560; x_wconf 81' lang='lat' dir='ltr'>initam</span> <span class='ocrx_word' id='word_1_274' title='bbox 604 2522 655 2560; x_wconf 90' lang='lat' dir='ltr'>ab</span> <span class='ocrx_word' id='word_1_275' title='bbox 688 2535 738 2560; x_wconf 93' lang='lat' dir='ltr'>eo</span> <span class='ocrx_word' id='word_1_276' title='bbox 781 2521 933 2573; x_wconf 86' lang='lat' dir='ltr'>agendi</span> <span class='ocrx_word' id='word_1_277' title='bbox 978 2520 1180 2559; x_wconf 88' lang='lat' dir='ltr'>rationem</span> <span class='ocrx_word' id='word_1_278' title='bbox 1225 2533 1485 2570; x_wconf 87' lang='lat' dir='ltr'>magnopere</span> <span class='ocrx_word' id='word_1_279' title='bbox 1530 2519 1739 2569; x_wconf 88' lang='lat' dir='ltr'>probaret,</span> 
     </span>
     <span class='ocr_line' id='line_1_33' title="bbox 169 2591 1530 2643; baseline -0.001 -14"><span class='ocrx_word' id='word_1_280' title='bbox 169 2591 327 2642; x_wconf 91' lang='lat' dir='ltr'>optime</span> <span class='ocrx_word' id='word_1_281' title='bbox 360 2592 411 2630; x_wconf 90' lang='lat' dir='ltr'>de</span> <span class='ocrx_word' id='word_1_282' title='bbox 444 2606 493 2630; x_wconf 90' lang='lat' dir='ltr'>eo</span> <span class='ocrx_word' id='word_1_283' title='bbox 526 2592 710 2638; x_wconf 86' lang='lat' dir='ltr'>sentiret,</span> <span class='ocrx_word' id='word_1_284' title='bbox 745 2601 870 2643; x_wconf 87' lang='lat' dir='ltr'>atque</span> <span class='ocrx_word' id='word_1_285' title='bbox 903 2591 1151 2630; x_wconf 84' lang='lat' dir='ltr'>amicissime</span> <span class='ocrx_word' id='word_1_286' title='bbox 1185 2591 1428 2641; x_wconf 90' lang='lat' dir='ltr'>loqueretur</span> <span class='ocrx_word' id='word_1_287' title='bbox 1453 2594 1530 2638; x_wconf 80' lang='lat'>(5).</span> 
     </span>
    </p>

    <p class='ocr_par' dir='ltr' id='par_1_3' title="bbox 168 2658 1742 2926">
     <span class='ocr_line' id='line_1_34' title="bbox 258 2658 1740 2713; baseline -0.003 -12"><span class='ocrx_word' id='word_1_288' title='bbox 258 2663 407 2713; x_wconf 88' lang='lat' dir='ltr'>Neque</span> <span class='ocrx_word' id='word_1_289' title='bbox 456 2662 685 2701; x_wconf 88' lang='lat' dir='ltr'>minoribus</span> <span class='ocrx_word' id='word_1_290' title='bbox 734 2662 905 2701; x_wconf 91' lang='lat' dir='ltr'>honoris</span> <span class='ocrx_word' id='word_1_291' title='bbox 951 2661 1333 2712; x_wconf 86' lang='lat' dir='ltr'>significationibus</span> <span class='ocrx_word' id='word_1_292' title='bbox 1382 2660 1443 2699; x_wconf 82' lang='lat' dir='ltr'>sui</span> <span class='ocrx_word' id='word_1_293' title='bbox 1483 2673 1578 2698; x_wconf 93' lang='lat' dir='ltr'>eum</span> <span class='ocrx_word' id='word_1_294' title='bbox 1612 2658 1740 2705; x_wconf 83' lang='lat' dir='ltr'>domi,</span> 
     </span>
     <span class='ocr_line' id='line_1_35' title="bbox 169 2730 1742 2784; baseline -0.002 -13"><span class='ocrx_word' id='word_1_295' title='bbox 169 2747 294 2784; x_wconf 90' lang='lat' dir='ltr'>quam</span> <span class='ocrx_word' id='word_1_296' title='bbox 329 2733 427 2771; x_wconf 88' lang='lat' dir='ltr'>foris</span> <span class='ocrx_word' id='word_1_297' title='bbox 460 2733 581 2771; x_wconf 89' lang='lat' dir='ltr'>alieni</span> <span class='ocrx_word' id='word_1_298' title='bbox 619 2734 991 2784; x_wconf 86' lang='lat' dir='ltr'>prosequebantur.</span> <span class='ocrx_word' id='word_1_299' title='bbox 1034 2733 1157 2770; x_wconf 79' lang='lat' dir='ltr'>Anno</span> <span class='ocrx_word' id='word_1_300' title='bbox 1197 2742 1488 2777; x_wconf 75' lang='lat' dir='ltr'>MDCCCXXIX,</span> <span class='ocrx_word' id='word_1_301' title='bbox 1524 2730 1644 2769; x_wconf 79' lang='lat' dir='ltr'>novis</span> <span class='ocrx_word' id='word_1_302' title='bbox 1677 2744 1742 2768; x_wconf 88' lang='lat' dir='ltr'>co—</span> 
     </span>
     <span class='ocr_line' id='line_1_36' title="bbox 169 2800 1741 2855; baseline -0.003 -13"><span class='ocrx_word' id='word_1_303' title='bbox 169 2804 295 2843; x_wconf 89' lang='lat' dir='ltr'>mitiis</span> <span class='ocrx_word' id='word_1_304' title='bbox 331 2804 598 2855; x_wconf 87' lang='lat' dir='ltr'>generalibus</span> <span class='ocrx_word' id='word_1_305' title='bbox 633 2804 810 2849; x_wconf 89' lang='lat' dir='ltr'>indictis,</span> <span class='ocrx_word' id='word_1_306' title='bbox 843 2805 1021 2842; x_wconf 88' lang='lat' dir='ltr'>Romam</span> <span class='ocrx_word' id='word_1_307' title='bbox 1045 2803 1275 2841; x_wconf 90' lang='lat' dir='ltr'>secundum</span> <span class='ocrx_word' id='word_1_308' title='bbox 1310 2810 1371 2841; x_wconf 89' lang='lat' dir='ltr'>est</span> <span class='ocrx_word' id='word_1_309' title='bbox 1405 2802 1558 2840; x_wconf 89' lang='lat' dir='ltr'>missus</span> <span class='ocrx_word' id='word_1_310' title='bbox 1591 2800 1741 2839; x_wconf 89' lang='lat' dir='ltr'>delibe-</span> 
     </span>
     <span class='ocr_line' id='line_1_37' title="bbox 168 2871 1733 2926; baseline -0.003 -13"><span class='ocrx_word' id='word_1_311' title='bbox 168 2883 316 2921; x_wconf 88' lang='lat' dir='ltr'>ratum,</span> <span class='ocrx_word' id='word_1_312' title='bbox 341 2875 511 2926; x_wconf 87' lang='lat' dir='ltr'>quinam</span> <span class='ocrx_word' id='word_1_313' title='bbox 536 2875 575 2913; x_wconf 88' lang='lat' dir='ltr'>in</span> <span class='ocrx_word' id='word_1_314' title='bbox 600 2876 735 2914; x_wconf 91' lang='lat' dir='ltr'>locum</span> <span class='ocrx_word' id='word_1_315' title='bbox 755 2874 981 2926; x_wconf 89' lang='lat' dir='ltr'>praepositi</span> <span class='ocrx_word' id='word_1_316' title='bbox 1005 2873 1212 2925; x_wconf 84' lang='lat' dir='ltr'>generalis</span> <span class='ocrx_word' id='word_1_317' title='bbox 1234 2873 1440 2912; x_wconf 91' lang='lat' dir='ltr'>demortui</span> <span class='ocrx_word' id='word_1_318' title='bbox 1465 2871 1733 2911; x_wconf 84' lang='lat' dir='ltr'>sufficiendus</span> 
     </span>
    </p>
   </div>
  </div>
 </body>
</html>
