1926 3200
823 266 1078 301 —228—

160 368 284 407 etiam
318 368 434 407 domi
467 377 798 407 commorantem
832 370 979 407 crebro
1012 369 1195 416 adibant,
1232 380 1276 409 ut
1314 371 1366 409 de
1409 371 1631 423 religiosis,
1666 374 1733 412 vel

160 440 353 479 civilibus
386 439 685 478 controversiis
724 454 770 478 ac
809 439 1033 491 praecipue
1076 441 1128 479 de
1171 441 1437 491 gravioribus
1471 442 1633 482 animae
1665 457 1734 482 ne-

160 511 301 563 gotiis,
352 511 411 549 uti
460 511 675 549 oraculum
724 512 1002 557 consulerent,
1048 520 1088 551 et
1131 526 1248 559 suae,
1299 527 1557 565 suorumque
1605 515 1728 554 saluti

160 582 441 633 sempiternae
494 581 623 620 tutius
677 581 979 633 prospicerent.
1037 583 1132 621 Huc
1185 583 1309 622 etiam
1363 584 1559 631 accessit,
1615 586 1730 636 quod

160 655 347 692 Francus
381 662 468 692 tum
503 652 719 703 temporis,
755 653 855 703 quid
890 653 1060 704 insuper
1107 653 1329 692 scribendo
1376 655 1544 701 valeret,
1594 657 1730 706 palam

160 725 355 764 omnibus
388 724 496 764 fecit.
533 723 698 763 Etenim
733 725 891 775 opellas
925 724 1110 775 optimae
1152 725 1284 776 frugis
1318 725 1358 763 in
1391 726 1545 778 vulgus
1578 726 1733 774 edidit;

158 811 261 847 quas
284 796 390 836 inter
413 810 537 835 omne
560 804 762 846 punctum
786 796 892 834 serre
914 795 1002 834 visa
1020 804 1082 835 est
1100 810 1207 847 quae
1225 797 1276 835 de
1294 796 1562 835 sacratissimi
1582 797 1734 836 Cordis

158 869 252 906 Iesu
285 868 399 906 cultu
433 866 644 918 sapienter
676 866 906 905 admodum
935 880 981 905 ac
1010 866 1206 918 religiose
1235 866 1413 906 disserit.
1450 868 1559 906 Tum
1593 868 1730 917 magis

156 949 218 978 est
252 939 470 990 cognitum
520 937 666 989 qualis,
717 946 984 989 quantusque
1031 938 1156 985 foret,
1206 939 1476 978 doctissimus
1519 939 1733 986 nimirum,

157 1012 354 1062 idemque
388 1009 750 1059 religiosissimus;
785 1018 825 1048 et
858 1010 909 1048 ab
933 1009 1127 1048 universa
1149 1010 1373 1061 republica,
1406 1019 1493 1049 tum
1518 1010 1732 1058 litteraria,

155 1092 243 1122 tum
292 1081 500 1133 religiosa,
551 1081 682 1132 pluris
735 1081 877 1119 haberi
929 1095 976 1120 ac
1023 1080 1137 1119 domi
1185 1081 1370 1132 forisque
1419 1082 1617 1121 celebrari
1667 1091 1730 1122 est

156 1162 344 1204 coeptus.

244 1224 419 1263 Biennio
452 1223 770 1270 circumvoluto,
806 1223 846 1261 in
881 1224 1002 1262 Latio
1035 1231 1160 1275 atque
1195 1223 1235 1262 in
1269 1223 1435 1262 Etruria
1474 1238 1611 1263 sacras
1635 1227 1731 1263 mis-

155 1300 289 1335 siones
322 1295 491 1334 vicatim
541 1303 603 1334 est
651 1294 904 1345 auspicatus.
941 1294 1105 1345 Quibus
1140 1294 1179 1333 in
1221 1295 1445 1341 laboribus,
1496 1295 1729 1334 animarum

156 1377 331 1407 venator
362 1367 555 1406 assiduus
588 1375 629 1405 et
662 1366 841 1404 maxime
864 1374 1070 1413 strenuus,
1097 1366 1328 1413 hominum,
1364 1380 1471 1418 quos
1505 1367 1661 1405 iamdiu
1687 1367 1727 1405 in

155 1439 352 1478 vitiorum
401 1451 578 1476 coenum
612 1437 840 1483 demersos
875 1437 928 1475 ad
961 1437 1114 1475 bonam
1148 1428 1312 1488 frugem
1347 1437 1534 1484 reduxit,
1571 1437 1732 1489 ingenti

154 1510 309 1562 praeda
327 1518 389 1548 est
407 1508 578 1560 potitus.
606 1508 684 1546 His
709 1508 848 1559 itaque
872 1508 923 1546 de
941 1508 1088 1550 causis,
1114 1507 1183 1546 vix
1206 1508 1288 1546 ulla
1312 1517 1552 1547 nostrorum
1576 1509 1730 1547 domus

156 1581 452 1633 reperiebatur.
488 1579 589 1631 quin
622 1594 715 1618 eum
741 1579 817 1617 sibi
842 1579 1086 1625 adsciscere,
1111 1579 1199 1618 eius
1224 1579 1281 1618 uti
1306 1593 1447 1630 opera,
1483 1588 1523 1619 et
1556 1593 1728 1619 consue-

155 1652 297 1692 tudine
331 1651 422 1693 srui,
458 1665 584 1702 quam
619 1650 798 1689 maxime
831 1659 983 1689 averet.
1005 1650 1135 1689 Cuius
1158 1650 1256 1697 voti,
1284 1651 1436 1689 domus
1470 1650 1727 1697 Florentina,

154 1738 279 1774 quam
316 1723 358 1761 Ρ.
395 1721 580 1760 Aloisius
624 1721 807 1759 Ricasoli
852 1722 1036 1772 regebat,
1073 1734 1247 1772 compos
1296 1721 1466 1760 exstitit.
1514 1721 1723 1773 Quocirca

154 1796 351 1837 Francus,
388 1801 575 1831 vertente
609 1806 718 1830 anno
758 1803 1011 1838 MDCCCLVI,
1049 1792 1304 1831 Florentiam
1345 1792 1573 1839 contendit,
1615 1806 1725 1832 sum-

153 1880 217 1904 ma
260 1865 485 1907 sodalium,
531 1863 601 1915 qui
645 1863 725 1902 illic
758 1864 982 1915 degebant,
1023 1863 1304 1914 gratulatione
1338 1872 1378 1903 et
1417 1864 1586 1903 laetitia.
1625 1865 1725 1916 Quo

152 1951 245 1975 cum
271 1936 465 1979 venisset,
491 1936 690 1974 continuo
714 1949 908 1985 campum
929 1935 1061 1973 multo
1084 1935 1362 1985 patentiorem
1386 1943 1449 1974 est
1473 1944 1630 1982 nactus
1656 1936 1722 1975 cui

152 2008 282 2046 <livini
322 2007 437 2046 verbi
476 2007 634 2045 semina
674 2006 785 2045 haud
824 2006 975 2044 frustra
1004 2005 1296 2050 committeret,
1338 2014 1379 2044 et
1417 2020 1541 2056 quem
1576 2006 1725 2045 ceteris

155 2088 369 2130 praeterea
403 2078 569 2129 pietatis
609 2077 849 2116 ministeriis
888 2091 1012 2128 quam
1052 2076 1276 2115 laetissime
1314 2077 1533 2116 excoleret.
1576 2078 1621 2115 In
1655 2077 1720 2116 his

154 2151 281 2199 igitur
305 2150 546 2188 muneribus
571 2157 683 2187 totus
707 2162 797 2187 esse
831 2148 981 2199 coepit,
1017 2157 1061 2187 ut
1095 2162 1145 2186 ne
1178 2156 1379 2198 punctum
1414 2147 1584 2199 quidem
1618 2156 1721 2187 tem-

153 2222 267 2272 poris
301 2221 378 2260 sibi
402 2234 534 2259 vacuo
557 2234 647 2259 esse
681 2220 834 2262 liceret,
870 2229 1007 2270 atque,
1044 2233 1126 2258 uno
1150 2219 1290 2270 posito
1314 2220 1468 2265 labore,
1495 2219 1620 2258 alium
1655 2220 1722 2258 ad-

151 2292 416 2342 gredereturg
442 2305 577 2342 neque
601 2290 715 2341 prius
739 2291 791 2328 ab
824 2304 951 2341 opere
984 2290 1214 2336 desisteret,
1241 2304 1365 2340 quam
1400 2290 1508 2328 vires
1532 2290 1723 2340 corporis

149 2363 274 2401 animi
308 2363 450 2401 virtuti
485 2362 665 2412 impares
698 2361 935 2399 deficerent.

241 2433 401 2471 Diebus
434 2432 666 2475 dominicis,
693 2432 732 2470 in
766 2432 871 2470 aede
895 2431 1143 2477 vastissima,
1169 2432 1324 2470 Sancto
1349 2431 1549 2470 Caietano
1574 2431 1739 2482 dicata,⁴

150 2504 497 2543 confertissimam
533 2504 678 2554 populi
703 2503 1014 2541 multitudinem
1037 2503 1340 2553 alloquebatur.
1366 2502 1500 2548 Multi,
1526 2503 1591 2541 vel
1625 2502 1720 2541 doc-

150 2575 269 2623 trina,
306 2576 369 2614 vel
404 2574 559 2625 pietate
592 2573 805 2625 praeclari,
842 2587 936 2611 eum
961 2572 1149 2611 certatim
1173 2572 1478 2611 conveniebant
1511 2572 1720 2619 auditum;

148 2646 267 2684 multi
303 2646 440 2687 etiam.
476 2646 541 2683 vel
585 2644 765 2693 generis,
811 2644 874 2681 rel
914 2643 1184 2693 magistratus
1217 2642 1493 2693 amplitudine
1542 2642 1721 2681 maxime

149 2716 447 2768 conspiciendi,
495 2730 600 2767 quos
650 2716 756 2754 inter
804 2714 931 2765 aliqui
980 2722 1215 2752 exterarum
1255 2714 1471 2753 nationum
1504 2713 1644 2765 legati,
1679 2722 1720 2752 et

152 2787 446 2835 Magni-Ducis
481 2786 671 2825 Etruriae
694 2784 940 2831 administri,
967 2785 1094 2823 rheda
1118 2784 1281 2828 invecti,
1306 2785 1358 2823 ad
1391 2798 1549 2823 sacram
1573 2784 1717 2823 aedem

146 2858 409 2899 accedebant,
446 2866 489 2896 ut
522 2866 617 2895 ante
641 2857 750 2895 sores
773 2856 1033 2906 frequentem
1058 2869 1253 2893 curruum
1278 2854 1713 2906 splendidissimorum

149 2928 337 2965 ordinem
373 2927 502 2966 videri
537 2927 691 2966 liceret.
728 2927 790 2964 sui
824 2926 1026 2976 cuiusque
1059 2925 1146 2964 heri
1182 2925 1359 2964 reditum
1393 2923 1716 2975 opperientium.
