1926 3200
826 206 1056 240 —gg—

154 315 348 358 tempus,
399 307 709 345 celeberrimam
759 307 869 345 illam
917 321 963 346 ac
1012 308 1194 346 numeris
1243 309 1437 348 omnibus
1488 311 1722 350 absolutam

154 378 278 417 italici
301 377 505 416 sermonis
529 378 844 428 grammaticam
869 378 1127 429 conscripsit,
1153 380 1437 431 vulgavitque,
1464 395 1574 432 quae
1598 382 1722 421 etiam

155 463 276 495 nunc,
326 449 543 500 sexaginta
590 448 768 499 amplius
802 458 897 500 post
939 450 1068 495 annis,
1113 449 1207 489 licet
1240 451 1450 490 conversis
1491 453 1720 491 litterarum

154 520 315 566 studiis,
352 520 533 559 maximo
566 520 743 559 habetur
776 520 816 558 in
847 520 994 571 pretio,
1020 530 1145 571 atque
1169 536 1191 559 a
1217 521 1315 560 viris
1348 523 1495 567 doctis,
1533 525 1722 574 quamvis

154 592 194 630 in
242 601 427 631 nostram
477 592 728 630 Societatem
778 592 883 630 male
931 592 1135 636 animatis,
1186 593 1332 632 ceteris
1381 603 1591 644 praestare
1632 610 1722 634 cen-

152 672 267 702 setur
291 665 367 714 (1).
405 662 515 701 Huic
548 663 804 713 redigendae
837 663 889 701 ad
924 662 1137 701 biennium
1172 663 1406 715 insumpsit.

245 735 338 773 Hoc
386 734 500 772 edito
549 747 687 784 opere,
741 733 859 771 Paria
907 742 994 772 tota
1039 734 1157 773 Italia
1190 735 1229 772 in
1264 735 1395 774 maius
1428 736 1624 775 celebrari
1659 746 1721 776 est

153 814 342 857 coeptus,
377 814 502 856 atque
535 819 557 843 a
590 805 780 843 litteratis
810 804 1062 849 hominibus,
1088 805 1158 856 qui
1183 820 1229 844 ea
1263 815 1510 857 tempestate
1544 809 1721 847 maxime

153 877 369 920 florebant,
405 875 649 927 praesertim
682 890 705 914 a
738 876 919 927 Iosepho
970 877 1172 923 Mffliutio,
1224 878 1387 916 Aloisio
1438 879 1718 925 Fornaciario‚

154 948 297 986 Marco
336 947 522 985 Antonio
558 946 752 985 Parentio
785 955 825 985 et
860 947 1182 986 Bartholomaeo
1215 948 1403 987 Verattio
1424 954 1500 999 (2).
1537 964 1717 1000 quocum

154 1018 475 1057 familiarissime
523 1026 611 1056 erat
659 1017 917 1061 coniunctus.
958 1032 1123 1057 summo
1172 1018 1211 1056 in
1254 1019 1412 1058 honore
1446 1029 1508 1059 est
1542 1021 1719 1060 habitus.

157 1092 307 1142 Neque
340 1091 476 1129 minus
512 1091 635 1129 Petro
670 1089 857 1133 secchio,
893 1090 1074 1141 Iosepho
1115 1091 1302 1129 Marchio
1336 1100 1376 1130 et
1408 1093 1595 1131 Antonio
1630 1094 1723 1131 Ere>

158 1162 327 1208 scianio,
363 1162 461 1200 viris
509 1171 675 1200 nostrae
724 1161 945 1200 Societatis
994 1161 1315 1205 litteratissimis,
1366 1163 1452 1201 eius
1496 1163 1625 1202 virtus
1660 1173 1723 1203 est

154 1233 331 1284 probata
354 1236 430 1285 (3).
469 1234 559 1271 Hac
607 1233 658 1271 de
705 1246 828 1271 causa
878 1232 1149 1276 Brescianius‚
1201 1233 1240 1271 in
1289 1233 1480 1285 dialogis,
1531 1249 1636 1285 quos
1670 1236 1722 1273 de

157 1304 387 1343 Sardorum
422 1304 620 1350 moribus,
672 1317 755 1342 non
804 1304 935 1342 multo
980 1313 1075 1354 post
1109 1313 1310 1355 tempore,
1347 1304 1386 1342 in
1421 1306 1554 1344 lucem
1588 1306 1716 1348 dedit.

153 1389 249 1414 eum
273 1389 413 1414 secum
438 1384 479 1414 et
502 1389 596 1414 cum
621 1375 891 1419 Carminatio‚
917 1375 1005 1414 eius
1030 1375 1245 1426 magistro,
1272 1377 1512 1426 loquentem
1538 1377 1721 1423 induxit3

152 1447 254 1498 quin
303 1447 427 1486 etiam
477 1446 739 1498 cognitorem
788 1454 828 1485 et
875 1447 1187 1485 emendatorem
1236 1461 1407 1486 suorum
1456 1461 1629 1499 operum
1680 1448 1719 1486 in

155 1526 371 1569 posterum
405 1517 608 1556 adhibuit.
645 1516 924 1556 Carminatius
972 1531 1070 1555 vero
1121 1517 1282 1556 Pariani
1322 1532 1420 1568 prae
1454 1519 1600 1557 ceteris
1634 1519 1720 1557 suis

155 1589 418 1628 auditoribus
442 1589 656 1640 diligebat,
682 1589 856 1640 eiusque
879 1588 1095 1640 ingenium
1118 1598 1243 1640 atque
1267 1589 1543 1628 eruditionem
1568 1589 1722 1640 ubique

155 1660 346 1712 gentium
380 1660 661 1712 praedicabat.

246 1732 373 1783 Quod
406 1741 630 1783 antequam
674 1740 859 1770 nostram
909 1731 1161 1770 Societatem
1210 1731 1541 1782 amplecteretur,
1593 1731 1723 1782 philo-

156 1802 332 1853 sophiae
354 1817 521 1841 cursum
545 1802 716 1853 egregie
739 1802 968 1841 admodum
995 1802 1182 1852 Braydae
1205 1816 1398 1840 emensus
1432 1810 1530 1845 erat.
1567 1801 1720 1840 idcirco

156 1873 267 1912 hunc
300 1874 479 1912 eundem
514 1873 626 1924 apud
661 1875 840 1912 Nostros
864 1887 947 1912 non
971 1881 1032 1911 est
1066 1887 1302 1914 remensus:
1338 1873 1410 1911 sed
1445 1872 1596 1911 Cherio
1626 1887 1717 1923 pro-

150 1944 282 1983 fectus
306 1945 382 1983 sub
406 1944 563 1984 exitum
587 1944 682 1983 anni
708 1955 994 1986 MDCCCXLIV,
1021 1945 1200 1982 Romam
1224 1943 1452 1987 contendit,
1479 1952 1522 1982 ut
1558 1943 1596 1982 in
1630 1944 1721 1983 Col-

150 2015 263 2067 legio
283 2017 477 2054 Romano
495 2029 635 2054 sacrae
653 2015 893 2066 theologiae
911 2024 1166 2066 operaretur.
1195 2015 1321 2066 Quod
1346 2014 1513 2065 quidem
1534 2023 1578 2053 ut
1598 2014 1722 2052 maxi-

151 2101 265 2125 mum
284 2086 371 2125 eius
391 2087 546 2138 ingenii
571 2086 857 2126 testimonium
885 2086 1027 2125 haberi
1056 2086 1203 2131 debet;
1239 2086 1396 2137 quippe
1430 2085 1528 2136 quia
1556 2099 1645 2124 eam
1681 2085 1720 2123 in

152 2158 312 2201 urbem,
352 2158 587 2196 studiorum
627 2171 761 2201 causa,
802 2158 853 2196 ab
892 2157 982 2195 aliis
1020 2157 1246 2208 provinciis
1276 2157 1383 2195 mitti
1417 2157 1608 2199 solerent,
1650 2156 1720 2206 qui

152 2229 321 2280 ingenio
345 2229 492 2268 ceteris
516 2238 786 2280 praestarent.
812 2229 974 2267 Eodem
999 2238 1187 2279 tempore
1213 2228 1329 2266 Paria
1354 2228 1393 2266 in
1418 2228 1609 2278 Collegio
1635 2228 1717 2266 No-

152 2301 298 2339 bilium
332 2300 520 2339 eiusdem
555 2300 679 2343 urbis,
706 2300 746 2338 in
777 2314 860 2351 quo
895 2300 1146 2345 morabatur,
1178 2300 1358 2350 plurimo
1392 2299 1544 2338 nostris
1578 2299 1717 2337 mode-

154 2372 361 2411 ratoribus
408 2381 533 2423 atque
576 2372 754 2410 alumnis
802 2371 877 2410 fuit
911 2372 1295 2419 einoliiiiieiito(4‘).
1340 2371 1409 2408 Ad
1442 2370 1717 2408 sacerdotium

153 2457 263 2481 anno
287 2454 559 2482 MDCCCXLVI
583 2452 763 2486 evectus,
789 2452 830 2481 et
854 2451 1052 2493 quattuor
1075 2442 1294 2493 religiosae
1318 2440 1587 2491 professionis
1611 2440 1718 2478 votis

152 2513 351 2552 sexennio
385 2522 481 2564 post
514 2513 773 2564 nuncupatis,
811 2513 850 2551 in
885 2522 1051 2552 coetum
1095 2513 1344 2563 scriptorum
1388 2511 1715 2562 ephemeridum,

154 2598 261 2635 quae
294 2599 316 2622 a
356 2585 560 2623 Cl'vz’litczle
599 2585 807 2623 Catholicae
840 2584 917 2622 sibi
952 2598 1103 2623 nomen
1137 2583 1412 2625 adsciverunt,
1440 2582 1526 2620 iure
1558 2596 1603 2620 ac
1637 2595 1717 2619 me-

152 2655 232 2693 rito
266 2655 538 2706 transcriptus
573 2663 646 2693 est.
674 2655 940 2706 Quamquam
964 2654 1206 2694 tenuissima
1239 2653 1475 2692 valetudine
1510 2653 1713 2697 utebatur,

151 2726 329 2777 plurima
354 2735 491 2765 tamen
515 2726 592 2764 hos
616 2726 722 2764 inter
745 2725 970 2776 scriptores
995 2725 1150 2776 ingenii
1175 2725 1427 2763 documenta
1450 2723 1651 2774 praebuit,
1673 2730 1715 2761 ut

149 2797 295 2835 harum
344 2797 659 2848 ephemeridum
708 2810 790 2835 non
840 2797 968 2847 longo
1002 2805 1097 2846 post
1136 2804 1323 2846 tempore
1372 2795 1612 2833 moderator
1660 2793 1713 2832 sit

152 2867 430 2906 renunciatus.
466 2868 747 2906 Recensiones
772 2867 905 2905 varias
938 2876 979 2906 et
1011 2866 1325 2905 dissertationes
1359 2866 1398 2904 in
1433 2865 1495 2903 his
1528 2864 1714 2916 prodidit
