1926 3200
834 215 1064 249 —32—

164 316 286 367 aequi
321 316 505 367 rectique
538 316 875 355 servantissimus
909 326 1008 360 erat,
1044 331 1174 368 eaque
1208 318 1332 356 animi
1357 319 1659 366 benevolentia,
1694 329 1736 360 et

168 388 391 426 verborum
426 387 642 430 suavitate,
678 388 866 439 singulos
905 389 957 426 de
996 388 1131 427 officio
1169 390 1434 434 admonebat,
1474 405 1520 430 ac
1553 392 1732 438 meritas,

171 458 241 497 ubi
275 472 340 497 res
375 459 615 509 postularet,
651 459 702 497 ab
736 458 784 497 iis
817 473 975 510 poenas
1009 461 1272 510 exposcebat,
1299 470 1342 499 ut
1373 462 1558 500 omnium
1593 464 1735 501 volun-

170 538 276 569 tates
310 529 387 568 sibi
421 529 586 580 penitus
620 530 880 581 adiungeret,
915 539 956 569 et
989 544 1074 581 quo
1098 532 1232 573 vellet,
1259 532 1364 570 facili
1389 533 1560 584 negotio
1590 534 1736 584 perdu-

169 609 293 640 ceret.
330 601 488 652 Itaque,
522 615 572 640 eo
606 601 786 652 auspice,
821 601 1058 653 collegium,
1095 610 1183 641 tum
1217 603 1419 649 doctrina,
1446 613 1533 643 tum
1567 605 1732 655 pietate,

170 673 349 711 maxime
382 673 535 711 floruit.
571 674 708 724 Quam
742 674 795 712 01)
829 687 928 716 rem,
965 673 1148 712 motibus
1182 674 1370 714 civilibus
1409 675 1733 722 imminentibus,

170 745 240 795 qui
274 759 383 783 anno
417 756 725 783 MDCCCXLVHI
761 754 857 784 sunt
890 745 1068 788 excitati,
1105 760 1234 796 quum
1270 747 1418 790 Ponza,
1454 762 1477 785 a
1509 756 1626 798 patre
1659 761 1735 786 suo

169 815 221 854 de
276 815 533 866 impendenti
588 815 752 867 collegii
806 816 1077 855 subversione
1131 817 1281 856 certior
1334 818 1491 864 factus,
1547 819 1736 857 alumnos

168 900 314 926 01111165
347 901 463 926 suam
519 901 728 938 quemque
776 887 949 926 domum
986 888 1253 927 deducendos
1296 889 1542 932 curavisset:
1587 890 1735 928 horum

173 966 379 1010 parentes,
425 958 674 997 discriminis
708 958 854 1009 ignari.
890 959 1063 997 eosdem
1097 959 1149 998 ad
1183 959 1404 1011 collegium
1429 961 1645 999 confestim
1680 975 1738 999 re-

171 1030 397 1073 duxerunt:
424 1029 512 1073 rati,
548 1029 580 1068 si
615 1029 716 1080 quid
754 1029 926 1080 periculi
966 1029 1006 1068 in
1045 1039 1160 1069 tanta
1199 1031 1415 1070 hominum
1455 1032 1737 1071 commotione

171 1100 331 1139 civibus
365 1100 548 1145 instaret,
584 1114 789 1151 nusquam
838 1101 933 1139 alibi
984 1101 1163 1140 filiorum
1214 1102 1489 1141 incolumitati
1534 1103 1661 1141 tutius
1695 1117 1738 1141 se

165 1173 402 1211 consultum
436 1171 580 1217 ituros,
607 1186 732 1223 quam
767 1172 799 1210 si
834 1181 1079 1211 nostrorum
1115 1173 1318 1212 sodalium
1354 1174 1449 1212 fidei
1482 1188 1554 1213 eos
1588 1175 1734 1213 iterum

168 1243 477 1282 committerent
502 1246 579 1295 (1).

259 1315 429 1366 Ingenti
469 1329 517 1353 ea
550 1315 784 1354 calamitate
822 1315 1002 1367 collegio
1043 1316 1269 1355 taurinensi
1309 1316 1431 1364 illata,
1469 1317 1607 1356 Ponza
1644 1331 1736 1356 cum

169 1386 213 1424 P.
249 1385 472 1424 Francisco
498 1385 650 1424 Pellico
675 1386 917 1437 praeposito
941 1386 1185 1437 provinciali
1219 1396 1281 1426 est
1316 1387 1601 1431 consociatus;
1640 1387 1735 1426 dein

167 1471 261 1496 cum
295 1471 345 1496 eo
379 1457 419 1495 in
454 1457 632 1496 Galliam
680 1457 904 1508 profectus.
957 1458 1216 1509 theologiam
1265 1472 1429 1497 morum
1462 1459 1502 1497 in
1543 1459 1734 1510 Collegio

168 1528 335 1567 Dolano
369 1528 675 1579 explanandam
709 1528 904 1579 suscepit.
953 1529 1131 1567 Duobus
1175 1539 1271 1580 post
1314 1529 1443 1573 annis,
1479 1530 1614 1580 ipsum
1650 1531 1735 1568 Pel-

166 1598 289 1637 licum
325 1599 365 1637 in
399 1599 545 1638 eadem
594 1599 810 1650 provincia
860 1599 1189 1638 administranda
1238 1600 1429 1652 excipere
1476 1610 1538 1639 est
1586 1601 1733 1640 iussus.

165 1670 326 1721 Itaque,
346 1684 423 1721 pro
443 1670 732 1721 magnitudine
756 1679 796 1710 et
820 1671 1053 1710 constantia
1076 1671 1215 1717 animi,
1242 1686 1323 1723 qua
1346 1673 1595 1723 praestabat,
1620 1673 1735 1724 quod

164 1741 297 1780 fuerat
330 1750 550 1792 acceptum
584 1742 838 1788 detrimenti,
874 1742 1026 1781 sarcire
1060 1743 1232 1782 studuit.
1269 1743 1317 1782 Id
1352 1757 1492 1794 porro,
1529 1757 1606 1794 pro
1639 1752 1738 1782 tem-

163 1827 315 1864 porum
350 1813 547 1864 nequitia,
583 1813 639 1853 ita
672 1822 733 1853 est
767 1823 1030 1860 consecutus,
1067 1823 1111 1854 ut
1145 1815 1196 1854 de
1220 1815 1305 1854 suis
1339 1815 1532 1854 omnibus
1564 1815 1735 1867 egregie

166 1884 376 1923 meruerit.
423 1885 532 1923 Nam
576 1885 692 1923 brevi
743 1893 839 1936 post
888 1894 1078 1937 tempore
1130 1886 1368 1938 Collegium
1424 1886 1738 1925 Massae-Ducis

162 1955 331 2006 recepit,
381 1969 545 1994 sacrum
581 1956 816 2007 ephebeum
868 1957 1000 1996 maius
1036 1957 1356 1996 Brictinoriense
1390 1957 1429 1995 in
1469 1957 1658 2001 Aemilia,
1694 1965 1734 1995 et

164 2026 383 2065 Cuneense
407 2026 543 2066 minus
567 2026 607 2065 in
631 2027 871 2079 Subalpinis
895 2028 1121 2067 excolenda
1144 2028 1338 2079 suscepit.
1363 2028 1431 2067 Ad
1454 2028 1533 2067 hoc
1557 2027 1730 2066 insulam

165 2097 392 2143 Corsicam,
427 2106 467 2137 et
501 2107 648 2149 postea
681 2098 892 2138 Etruriam
927 2099 967 2137 in
1001 2099 1090 2138 iura
1122 2099 1361 2150 provinciae
1395 2099 1641 2138 taurinensis
1674 2113 1732 2137 re-

163 2168 291 2219 cepit,
327 2169 501 2208 domum
536 2169 576 2208 in
616 2170 830 2209 Carrariae
869 2171 982 2209 urbis
1023 2171 1172 2209 vicinia
1205 2171 1449 2213 aedificavit.
1489 2179 1529 2209 et
1562 2171 1731 2209 alteram

161 2240 214 2278 ad
249 2241 562 2279 Massae-Ducis
610 2241 743 2287 litora,
785 2242 849 2280 cui
885 2243 1226 2293 Querquetulana
1274 2256 1426 2281 nomen
1470 2250 1531 2281 est
1564 2242 1729 2289 factum,

161 2310 365 2349 tironibus
398 2311 665 2362 excipiendis,
699 2327 722 2351 a
755 2313 845 2351 solo
888 2313 1188 2351 aedificandam
1237 2312 1407 2352 curavit.
1442 2313 1557 2351 Alias
1605 2312 1728 2351 etiam

162 2382 286 2420 aedes
322 2382 483 2421 Bastiae
518 2383 557 2421 in
591 2383 761 2423 Corsica
800 2398 823 2423 a
871 2384 1154 2423 fundamentis
1203 2384 1417 2426 excitavit:
1467 2398 1573 2435 quae
1621 2392 1731 2435 post-

162 2453 334 2491 modum
368 2454 521 2493 nostris
565 2455 791 2498 sodalibus,
832 2469 878 2494 ac
911 2455 1135 2506 praecipue
1179 2455 1395 2497 tironibus,
1446 2464 1575 2494 tutam
1609 2470 1631 2494 a
1679 2455 1729 2493 61-

161 2524 312 2563 vilibus
346 2525 487 2564 Italiae
521 2526 840 2577 tempestatibus
874 2526 1097 2565 stationem
1132 2526 1371 2577 praebuere.

253 2596 471 2635 Praeterea
494 2597 652 2648 primus
686 2597 873 2636 omnium
909 2598 1178 2648 quamplures
1211 2597 1373 2635 sodales
1407 2597 1445 2635 in
1481 2597 1728 2636 Calisorniae

161 2673 202 2704 et
237 2666 443 2705 Montium
479 2667 734 2706 Saxosorum
760 2670 973 2706 missiones
998 2667 1166 2712 invexit,
1202 2681 1308 2718 quae
1342 2676 1500 2718 postea,
1536 2681 1584 2706 eo
1618 2667 1728 2705 adni-

161 2744 287 2782 tente,
323 2737 362 2774 in
398 2737 459 2776 ius
508 2752 554 2776 ac
602 2739 772 2777 tutelam
823 2747 989 2777 nostrae
1038 2738 1276 2789 provinciae
1320 2739 1584 2777 transductae
1617 2746 1725 2776 sunt.

165 2808 313 2858 Neque
336 2808 641 2851 conticendum.
668 2810 853 2848 eiusdem
878 2810 1116 2860 provinciae
1140 2823 1253 2860 opes,
1280 2809 1520 2847 iamdudum
1544 2809 1726 2855 afflictas,

162 2892 209 2916 ac
242 2893 372 2929 paene
406 2888 647 2930 prostratas.
674 2881 750 2918 sub
782 2881 870 2919 eius
895 2880 1097 2930 regimine
1126 2888 1282 2918 erectas
1315 2894 1424 2920 esse:
1459 2880 1662 2931 siquidem
1687 2880 1725 2918 in
