1926 3200
825 246 1090 282 —150—

168 339 261 377 exul
296 338 429 389 patria
461 352 601 377 carere
624 338 776 382 voluit:
801 339 887 380 sed,
914 338 1152 377 sacerdotio
1177 338 1293 383 inito,
1320 340 1491 378 Taurini
1515 341 1744 380 consistere

169 418 231 448 est
264 423 400 448 ausus.
438 409 499 447 lbi
533 409 721 460 privatus
745 423 885 448 sacrae
919 409 1159 460 theologiae
1182 410 1322 449 studio
1355 410 1539 457 indulsit,
1573 426 1619 451 ac
1641 421 1742 452 tam·

169 480 245 518 etsi
279 488 366 518 tum
401 479 602 530 temporis
636 480 773 530 palam
808 479 959 518 mutire
994 480 1154 531 grande
1188 480 1397 531 piaculum
1431 495 1477 519 ac
1510 482 1740 532 periculum

168 560 266 593 erat,
303 560 454 593 tamen,
490 551 617 589 ducto
651 551 822 593 calamo,
858 565 953 589 cum
987 550 1201 602 religionis
1244 560 1284 590 et
1322 552 1511 602 publicae
1545 554 1742 605 tranquil-

170 622 295 661 litatis
329 621 614 661 turbatoribus
647 621 848 660 acerrime
881 621 1079 660 conflixit.

259 692 368 731 Hinc
403 692 634 731 Lavallium
669 692 709 730 in
744 693 922 732 Galliam
953 707 996 731 se
1029 693 1216 732 conferre
1250 702 1312 732 est
1346 693 1494 741 iussus,
1525 703 1569 733 ut
1601 709 1739 734 rerum

167 763 404 802 divinarum
438 763 578 802 studia
618 763 694 802 rite
738 764 1010 814 persolveret.
1057 764 1220 815 Quibus
1259 765 1503 815 persolutis,
1544 766 1739 804 Anicium

166 835 419 885 properavit,
472 834 611 885 ibique
660 835 837 873 alterum
886 835 1054 886 pietatis
1102 835 1341 874 tirocinium
1389 836 1580 876 confecit.
1631 838 1739 875 Eum

167 905 346 944 subinde
374 906 596 945 Civilitatis
626 906 858 945 Catholicae
881 906 1106 957 scriptores
1129 920 1270 945 secum
1295 908 1477 953 voluere,
1509 916 1554 946 ut
1577 908 1740 947 Romae

165 990 212 1015 ea
247 976 335 1028 ipsa
370 976 409 1014 in
443 976 530 1015 acie
559 977 802 1023 decertaret,
838 977 879 1015 in
913 991 1007 1028 qua,
1043 976 1186 1028 paucis
1221 986 1317 1016 ante
1350 977 1481 1021 annis,
1520 979 1740 1029 Augustae

165 1048 447 1086 Taurinorum
496 1048 630 1098 prima
678 1048 911 1099 eademque
954 1047 1126 1099 egregia
1160 1048 1371 1099 stipendia
1404 1057 1625 1088 meruerat.
1662 1050 1741 1088 Ita-

165 1133 245 1170 que
279 1133 329 1157 ex
361 1119 495 1158 Gallia
518 1119 699 1157 Romam
732 1118 858 1164 venit,
893 1127 934 1158 et
967 1119 1106 1170 paullo
1131 1128 1227 1170 post
1260 1119 1482 1170 religiosae
1515 1120 1737 1170 professio-

168 1190 229 1228 nis
269 1199 366 1229 vota
400 1189 657 1229 sollemniter
689 1189 959 1241 nuncupavit.

257 1261 325 1299 Ad
378 1260 551 1312 triginta
610 1275 742 1300 annos
801 1275 895 1300 cum
948 1261 1027 1300 illis
1087 1261 1361 1312 scriptoribus
1414 1270 1697 1300 commoratus
1728 1294 1736 1309 ,

165 1346 311 1371 eorum
360 1331 548 1383 opinioni
597 1333 805 1371 cumulate
852 1331 1082 1383 respondit.
1135 1331 1317 1370 Plurima
1375 1331 1545 1382 scripsit
1593 1332 1645 1370 de
1694 1346 1738 1371 re

164 1403 317 1447 critica,
353 1403 418 1441 vel
451 1412 734 1449 controversa,
770 1412 895 1454 atque
927 1403 979 1442 ad
1003 1403 1178 1442 aliorum
1203 1417 1331 1461 opera
1354 1403 1643 1454 dignoscenda
1675 1417 1739 1442 ac-

163 1474 423 1513 curatissime
470 1474 669 1513 incubuit.
704 1475 761 1513 At
795 1474 835 1512 in
883 1474 1090 1513 chronicis
1140 1473 1383 1525 redigendis
1431 1473 1647 1525 egregiam
1691 1488 1738 1512 ac

163 1545 468 1584 diuturniorem
501 1559 672 1595 operam
706 1544 864 1596 posuit:
890 1544 1046 1597 quippe
1070 1544 1165 1583 huic
1197 1544 1328 1583 labori
1362 1545 1415 1583 ad
1448 1543 1598 1595 viginti
1623 1544 1740 1595 ipsos

164 1630 295 1656 annos
329 1616 552 1663 insudavit,
587 1625 627 1655 et
661 1630 711 1655 eo
744 1617 921 1662 delectu,
948 1616 1095 1655 ordine
1118 1624 1159 1655 et
1192 1615 1345 1654 iudicio
1378 1615 1485 1655 facta
1517 1615 1737 1662 recensuit,

164 1697 209 1727 ut
243 1702 326 1726 non
361 1687 557 1726 chronica
590 1687 860 1738 perscribere,
895 1688 969 1726 sed
1004 1687 1222 1726 historiam
1256 1695 1477 1726 contexere
1516 1687 1629 1725 visus
1669 1687 1735 1726 sit.

165 1759 451 1810 Quamobrem
485 1758 574 1805 viri,
610 1772 749 1797 rerum
782 1758 1043 1809 publicarum
1077 1758 1331 1810 peritissimi,
1356 1758 1445 1797 eius
1474 1757 1738 1796 recensiones

164 1830 307 1881 magni
344 1829 572 1876 faciebant;
608 1830 708 1881 quin
741 1830 866 1869 etiam
901 1830 1072 1881 quidam
1106 1844 1294 1869 summae
1341 1829 1512 1868 ditionis
1545 1829 1736 1880 dynasta,

163 1916 247 1953 quo
270 1901 429 1940 facilius
463 1915 532 1940 eas
565 1901 814 1947 consuleret,
841 1901 930 1940 illas
964 1901 1076 1953 ipsas
1110 1901 1150 1940 in
1184 1915 1260 1940 suo
1294 1901 1514 1946 amaltheo,
1540 1899 1738 1939 seiunctis

160 1972 444 2011 voluminibus
484 1972 691 2019 inclusas,
737 1972 934 2024 religiose
977 1973 1230 2012 asservabat.
1277 1972 1546 2023 Quapropter
1585 1972 1737 2009 Fanto-

162 2043 253 2082 nius
287 2044 541 2095 singularem
585 2044 801 2082 doctrinae
840 2044 1082 2095 opinionem
1126 2043 1248 2095 cepit,
1293 2052 1334 2082 et
1367 2042 1589 2094 plurimam
1622 2041 1735 2092 apud

162 2129 307 2153 omnes
340 2115 507 2153 laudem
554 2114 659 2154 tulit.
715 2115 946 2161 Praeterea,
998 2116 1051 2154 ob
1095 2114 1373 2153 urbanitatem
1422 2122 1462 2152 et
1505 2113 1733 2159 caritatem,

161 2185 312 2236 quibus
346 2186 508 2224 sodales
546 2185 923 2236 complectebatur,
970 2194 1106 2224 rector
1151 2185 1330 2236 Collegii
1386 2185 1606 2224 Civilitatis
1660 2183 1734 2222 Ca-

161 2258 330 2295 tholicae
362 2266 424 2295 est
458 2265 632 2295 creatus.
671 2257 767 2307 Quo
802 2256 842 2295 in
877 2270 1050 2295 munere
1084 2256 1281 2295 obeundo
1314 2264 1471 2295 tantam
1511 2255 1623 2305 apud
1656 2254 1736 2292 col-

160 2328 275 2378 legas
309 2327 487 2378 gratiam
521 2327 622 2371 iniit,
660 2336 704 2366 ut
739 2341 884 2366 eorum
934 2327 1122 2366 omnium
1173 2326 1307 2366 officia
1345 2326 1423 2365 sibi
1463 2325 1628 2377 penitus
1669 2324 1737 2363 de-

164 2397 376 2437 meruerit.

250 2468 324 2506 Vir
356 2468 552 2519 antiquae
600 2468 779 2519 pietatis,
834 2469 1072 2519 complures
1121 2468 1216 2506 huic
1248 2468 1420 2506 alendae
1452 2481 1499 2506 ac
1531 2466 1736 2505 fovendae

160 2540 324 2578 labores
375 2539 556 2590 pertulit.
610 2540 719 2578 Tum
758 2540 882 2585 cleri,
937 2549 1024 2578 tum
1081 2539 1226 2590 populi
1275 2539 1351 2577 viri
1399 2537 1638 2590 praecipui,
1688 2549 1736 2574 ac

160 2611 265 2649 bene
300 2610 430 2653 multi.
467 2624 558 2649 sese
605 2610 641 2649 ei
693 2610 733 2648 in
782 2610 948 2649 virtutis
983 2610 1149 2654 semita,
1184 2611 1250 2649 vel
1284 2610 1532 2661 arripienda,
1582 2608 1646 2646 vel
1680 2616 1735 2646 te-

162 2682 316 2728 renda,
367 2682 488 2732 plane
536 2681 812 2720 tradiderunt.
866 2683 1019 2733 Neque
1073 2696 1171 2720 sane
1220 2695 1368 2720 arenae
1422 2680 1579 2720 semina
1627 2691 1735 2717 com-

162 2752 284 2794 misit,
320 2752 393 2791 sed
428 2752 661 2791 uberrimos
699 2752 857 2791 fructus
901 2752 1099 2803 percepit.
1147 2752 1283 2791 Etiam
1329 2751 1535 2803 religiosis
1569 2747 1734 2788 familiis

162 2822 343 2861 maximo
377 2823 619 2861 adiumento
651 2823 739 2861 fuit.
777 2823 928 2861 Paulae
962 2823 1218 2867 Frassinetti,
1257 2823 1459 2862 Sororum
1503 2835 1526 2859 a
1560 2821 1603 2860 S.
1648 2819 1733 2857 Do-

162 2893 307 2931 rothea
352 2893 474 2932 Matri
519 2893 726 2944 legiferae,
775 2894 838 2932 cui
886 2902 973 2932 erat
1016 2908 1038 2931 a
1071 2893 1415 2935 confessionibus,
1461 2904 1607 2930 suasor
1639 2889 1733 2934 fuit,
