1926 3200
833 267 1094 292 —210—

252 360 292 399 η)
320 358 591 400 Compluribus
619 359 655 390 in
683 357 863 391 domibus
891 363 1045 391 nostrae
1064 357 1266 391 Societatis
1293 358 1365 390 alia
1391 359 1438 391 ab
1465 369 1511 391 eo
1538 358 1692 398 dictata,
1713 363 1749 391 et

180 417 312 451 formis
337 416 626 459 lithographicis
654 416 839 459 impressa
858 416 1112 459 reperiuntur,
1142 417 1178 449 in
1203 416 1343 459 quibus
1370 417 1418 450 de
1445 417 1625 457 scientiis,
1655 428 1748 460 quas

181 477 219 510 in
246 476 387 518 Anglia
413 475 602 515 tradebat,
631 480 689 509 est
709 486 850 509 sermo.

251 548 348 581 Sunt
377 552 573 589 postremo
599 547 671 580 alia
698 547 881 580 nonnulla
908 558 929 579 a
968 547 1110 589 Bayma
1143 547 1370 588 conscripta,
1410 557 1510 588 quae
1548 547 1748 589 deperdita

181 606 381 644 dolemus;
403 605 451 639 de
470 605 623 648 quibus,
644 605 797 638 tametsi
817 605 853 639 in
874 605 956 638 eius
975 605 1102 647 elogio
1121 605 1331 647 attigimus,
1352 605 1455 638 iuvat
1473 610 1600 639 tamen
1621 617 1750 639 rursus

181 670 219 699 te
246 665 421 699 hocloco
439 675 610 705 monere,
632 670 672 698 ut
698 675 796 707 quae
823 665 870 698 ab
897 675 957 704 eo,
986 665 1044 697 vel
1072 664 1187 701 edita.
1216 664 1275 698 vel
1303 664 1572 698 tantummodo
1598 671 1750 698 exarata

184 724 377 764 novimus,
406 723 481 757 ictu
509 723 609 757 oculi
637 723 857 766 perspicias.

253 797 291 835 0)
323 794 536 836 Crisquoro
559 793 744 834 Colombo,
770 795 912 828 Poema
930 794 1040 836 epico
1060 794 1096 827 in
1118 795 1206 837 (ΜΡ)
1227 794 1341 830 canti.
1363 794 1399 827 in
1418 799 1548 828 ottava
1566 794 1672 827 rima.

254 854 371 887 Anno
397 862 737 893 MDCCCLXXXVIII,
766 853 813 886 ab
841 853 929 896 ipso
957 854 1098 895 Bayma
1116 863 1184 895 per
1201 853 1345 886 litteras
1373 858 1543 896 rogatus,
1572 858 1611 886 ut
1639 853 1752 887 huius

184 913 373 956 poematis
400 912 594 955 exemplar
620 913 920 955 autographum,
940 912 1045 955 quod
1065 912 1256 949 amiserat.
1277 912 1480 955 diligenter
1506 913 1750 955 inquirerem,

183 972 235 1006 nil
250 973 480 1006 intentatum
496 972 643 1015 reliqui.
660 983 738 1015 quo
753 972 836 1006 eius
848 971 1040 1005 desiderio
1051 972 1213 1005 facerem
1228 972 1333 1005 satis.
1347 972 1398 1005 At
1414 972 1552 1005 frustra
1570 972 1750 1006 laboravi.

248 1046 294 1086 p)
325 1043 585 1077 Grammatico
612 1043 710 1076 della
739 1042 872 1085 lingua
899 1043 1124 1076 universale.

255 1116 293 1156 q)
320 1114 400 1146 Del
423 1113 531 1145 modo
558 1113 598 1146 di
617 1112 785 1155 guidam
811 1123 878 1145 con
904 1112 1098 1145 sicurezza
1127 1113 1140 1145 ι’
1159 1112 1268 1155 globi
1291 1113 1521 1146 aeroslaliffi.

255 1187 294 1226 γ’)
328 1185 501 1217 Tral‘safz)
528 1184 704 1218 dell’tlm‘e
729 1184 884 1217 musiva.
916 1185 956 1227 (ἓ)

255 1258 289 1297 s)
315 1255 464 1288 lllztsica
484 1259 559 1298 per
584 1266 716 1288 messa.

257 1314 408 1348 Horum
423 1324 584 1357 operum
601 1314 673 1348 hoc
688 1313 845 1356 quidem
865 1318 923 1347 est
941 1319 1225 1356 argumentum,
1247 1325 1292 1347 an
1312 1325 1403 1348 vero
1422 1314 1618 1348 titulorum
1638 1316 1753 1347 verba

185 1373 345 1408 omnino
371 1373 446 1406 sint
473 1372 623 1410 eadem.
652 1373 839 1406 affirmare
867 1383 943 1406 non
971 1372 1107 1406 ausim.

838 1506 1103 1517 ιιιιιιιιιιι

771 1850 1163 1919 NOTAE

246 2097 291 2135 (1)
317 2098 395 2126 Non
421 2096 455 2125 in
479 2097 564 2126 urbe
589 2096 726 2129 Chesio.
753 2095 881 2133 (italice
901 2095 1029 2131 Chieri)
1056 2095 1104 2124 uti
1130 2095 1256 2133 legitur
1280 2095 1314 2124 in
1340 2095 1555 2125 Bibliotheca
1582 2096 1750 2133 (biv-ipla-

184 2150 282 2188 rum)
309 2150 493 2180 Socielcztt‘s
518 2151 612 2185 Iesuy
637 2148 699 2179 sed
725 2149 758 2178 iu
786 2148 919 2186 oppido
937 2148 1093 2185 Cyriaco,
1113 2148 1239 2186 (italice
1257 2147 1361 2185 Cirie)
1385 2153 1435 2180 est
1453 2153 1565 2178 natus.
1593 2150 1750 2178 Fortasse

185 2203 369 2233 nominum
393 2202 588 2232 similitudo
611 2202 788 2240 scriptoris
813 2201 982 2231 iudicium
1009 2200 1140 2230 fefellit.

247 2268 292 2307 (2)
318 2269 414 2298 Haec
437 2268 602 2303 carmina,
628 2267 831 2306 praesertim
847 2271 1033 2304 postrema,
1052 2266 1171 2303 paullo
1188 2266 1287 2295 aliter
1303 2267 1347 2296 ab
1370 2267 1448 2296 aliis
1463 2267 1666 2297 efferuntur.

247 2333 292 2371 (3)
318 2334 418 2362 Hane
441 2332 625 2370 ogdoaden
651 2333 723 2370 ipse
749 2333 879 2369 Bayma
902 2331 945 2360 al)
969 2331 1127 2360 America
1161 2330 1204 2359 ad
1241 2340 1294 2360 me
1320 2331 1412 2361 misit
1436 2341 1527 2361 anno
1552 2340 1747 2362 mmcccxc.

550 2595 1384 2773 QQQQW
