1926 3200
184 351 309 381 esset.
345 343 446 381 Post
478 343 578 382 haec
612 343 655 382 P.
680 343 858 382 Ioannes
882 343 1117 388 Roothaan,
1143 342 1213 393 qui
1238 342 1332 381 huic
1366 343 1527 382 muneri
1552 357 1750 394 supremo

186 412 517 464 auspicatissime
565 413 795 463 praefectus
844 421 942 458 erat,
992 413 1047 451 nil
1096 413 1307 463 antiquius
1354 413 1510 459 habuit,
1546 427 1670 464 quam
1705 422 1749 452 ut

190 483 326 534 ipsum
360 483 588 529 Grassium,
624 483 853 522 Taurinum
886 497 1186 535 regressurum,
1223 492 1425 523 rectorem
1450 484 1628 534 Collegii
1654 485 1750 523 Pro-

189 555 417 593 vinciarum
462 555 686 605 adlegeret.
733 555 829 605 Quo
873 555 928 593 nil
971 555 1105 594 carius
1148 555 1249 605 regi,
1290 564 1330 594 et
1362 555 1522 594 civibus
1555 555 1750 595 omnibus

188 626 375 665 accidere
408 626 555 676 potuit.
592 627 732 668 Porro.
758 640 866 665 anno
890 626 1136 677 insequenti,
1162 640 1291 677 quum
1322 626 1400 665 hoc
1433 627 1670 676 collegium,
1695 627 1749 665 ob

189 698 404 736 turbarum
437 696 619 735 civilium
661 696 854 735 timorem
896 697 1081 736 clausum
1125 706 1246 740 esset,
1282 697 1478 736 Grassius
1510 697 1748 749 Collegium

189 767 405 807 Nobilium
439 767 587 806 iterum
621 767 922 806 moderandum
955 767 1151 818 suscepit.

279 838 419 888 Quum
454 837 594 888 itaque
617 837 868 887 opinionem,
903 851 1029 888 quam
1062 838 1114 876 de
1143 851 1187 876 se
1210 837 1501 883 concitaverat,
1538 838 1592 877 ita
1615 838 1752 888 exple-

188 909 330 955 visset,
366 917 412 947 ut
444 922 508 947 res
554 916 719 947 nostrae
766 908 986 947 Societatis
1034 917 1121 947 tota
1168 908 1384 948 Sardiniae
1432 908 1543 959 regis
1590 909 1749 948 ditione

191 980 368 1018 maxime
402 979 607 1024 florerent,
642 988 682 1018 et
715 980 919 1018 sodalium
968 988 1205 1018 nostrorum
1255 993 1451 1018 numerus
1495 979 1594 1019 inibi
1627 995 1752 1031 auge-

189 1059 302 1089 retur
334 1050 374 1088 in
407 1049 508 1096 dies,
544 1049 757 1100 provincia
790 1050 961 1089 Ordinis
985 1049 1127 1095 nostri,
1153 1064 1259 1101 quae
1282 1050 1568 1101 appellabatur
1594 1050 1749 1097 Italica,

187 1135 298 1160 anno
331 1131 626 1167 MDCCCXXXI,
677 1132 724 1158 XI
760 1120 972 1159 Kalendas
1006 1120 1157 1166 Maias,
1193 1120 1233 1159 in
1272 1120 1376 1159 duas
1424 1129 1486 1159 est
1529 1121 1746 1167 distracta,

189 1191 229 1230 in
262 1205 475 1230 romanam
509 1190 704 1230 nimirum
737 1199 777 1230 et
810 1191 1083 1242 subalpinam,
1119 1204 1191 1230 seu
1229 1191 1532 1238 taurinensem;
1566 1191 1631 1230 cui
1665 1206 1749 1231 mo-

185 1262 396 1301 derandae
443 1262 520 1301 sub
568 1261 685 1301 initio
733 1262 926 1301 Grassius
974 1262 1062 1313 ipse
1109 1261 1337 1312 praepositi
1386 1261 1546 1301 vicibus
1590 1271 1654 1302 est
1685 1263 1752 1301 ad-

188 1333 320 1372 lectus
353 1336 431 1383 (6).
466 1334 522 1372 At
554 1333 663 1372 enim
696 1333 855 1384 aliquot
877 1342 972 1384 post
994 1333 1095 1376 dies,
1122 1333 1272 1372 Carolo
1306 1333 1444 1371 Felice
1476 1332 1562 1372 vita
1594 1333 1748 1379 functo,

188 1417 318 1454 quum
352 1404 525 1443 Carolus
548 1404 745 1442 Albertus
776 1403 996 1455 imperium
1019 1403 1280 1450 obtinuisset,
1305 1418 1483 1455 magnus
1506 1403 1602 1443 binc
1625 1404 1750 1443 timor

185 1475 350 1514 sodales
382 1483 547 1514 nostros
580 1474 758 1521 incessit,
803 1489 854 1513 ne
898 1489 1034 1513 rerum
1077 1475 1202 1514 facies
1239 1483 1411 1526 repente
1444 1475 1746 1514 immutaretur.

187 1546 358 1584 Interim
382 1546 588 1591 Grassius,
608 1546 679 1597 qui
697 1546 773 1585 etsi
796 1545 1054 1597 provinciam
1078 1546 1356 1585 taurinensem
1381 1547 1564 1598 regebat,
1594 1555 1746 1593 tamen,

190 1617 382 1668 Collegio
406 1617 619 1656 Nobilium
642 1617 765 1656 etiam
785 1625 871 1656 turn
896 1625 1095 1668 praeerat,
1117 1617 1169 1656 ad
1193 1631 1348 1656 novum
1374 1631 1529 1669 regem,
1556 1631 1638 1656 una
1655 1631 1749 1656 cum

189 1687 234 1726 P.
268 1687 453 1726 Antonio
488 1687 734 1733 Brescianio,
760 1686 948 1727 eiusdem
972 1688 1136 1739 collegii
1159 1688 1417 1735 administro,
1453 1688 1555 1734 viro,
1585 1688 1750 1739 generis

188 1758 414 1804 nobilitate,
449 1767 489 1797 et
521 1758 749 1797 litterarum
782 1759 902 1798 laude
925 1759 1165 1805 clarissimo,
1197 1760 1452 1810 gratulatum
1477 1760 1602 1799 venit.
1629 1760 1746 1810 Quos

188 1829 258 1867 ubi
291 1843 362 1867 rex
394 1837 456 1867 est
488 1829 762 1880 conspicatus,
798 1829 904 1869 illico
938 1830 1104 1869 obviam
1137 1830 1352 1881 processit,
1388 1839 1429 1870 et
1463 1830 1636 1869 Grassio
1661 1831 1750 1881 plu-

189 1899 339 1938 rimum
372 1907 434 1938 est
466 1900 715 1950 gratulatus,
761 1901 875 1951 quod
913 1901 1064 1939 Carolo
1118 1901 1257 1947 Felici,
1313 1901 1353 1939 in
1401 1910 1588 1940 extremo
1639 1901 1747 1940 vitae

186 1970 326 2008 limine
359 1970 552 2016 versanti,
601 1970 671 2009 diu
709 1979 930 2022 noctuque,
979 1985 1144 2010 summo
1192 1972 1331 2010 studio
1379 1972 1596 2019 adfuisset;
1631 1972 1745 2011 dein:

191 2055 212 2079 <‹
239 2041 361 2087 Novi,
397 2041 542 2092 inquit,
577 2041 806 2080 decessoris
830 2042 910 2081 mei
933 2041 1148 2093 egregiam
1173 2042 1212 2081 in
1236 2051 1422 2081 vestrum
1447 2043 1651 2082 Ordinem
1681 2057 1750 2082 vo-

186 2111 400 2151 luntatem.
427 2112 631 2162 Equidem
656 2112 743 2163 pari
767 2126 832 2150 me
864 2113 1016 2159 animo,
1041 2113 1141 2163 quin
1164 2113 1288 2152 etiam
1312 2113 1476 2164 potiore
1500 2113 1540 2152 in
1568 2114 1744 2152 eundem

186 2183 406 2233 praestabo
450 2197 472 2220 ›>
497 2214 505 2222 .
555 2182 633 2221 His
686 2183 828 2229 dictis,
880 2183 1036 2222 Grassii
1085 2197 1253 2221 manum
1307 2183 1501 2234 arripuit,
1554 2193 1597 2223 ut
1655 2198 1746 2223 eam

187 2253 456 2292 oscularetur.
493 2254 549 2292 At
581 2253 647 2292 hic
679 2253 834 2292 maiore
868 2267 966 2292 usus
998 2254 1218 2300 celeritate,
1253 2255 1442 2293 osculum
1473 2255 1584 2305 regis
1607 2254 1747 2293 manui

191 2324 305 2375 prior
327 2324 455 2364 dedit.
480 2325 588 2362 Tum
612 2338 683 2363 rex
711 2333 932 2376 utrumque
956 2333 1218 2375 peramanter
1240 2333 1302 2364 est
1325 2326 1597 2376 amplexatus,
1622 2334 1747 2376 atque

189 2394 486 2433 humanissime
518 2394 674 2433 dimisit
697 2396 775 2445 (7).

276 2465 424 2516 Neque
456 2478 554 2504 sane
601 2474 663 2504 est
710 2464 1023 2511 conticendum,
1073 2479 1235 2516 regem,
1285 2466 1399 2516 quod
1452 2466 1580 2505 verbo
1630 2465 1747 2516 polli-

186 2534 292 2574 citus
339 2544 438 2582 erat‚
488 2536 687 2586 quamdiu
734 2536 905 2575 facultas
952 2545 1015 2575 est
1062 2536 1170 2582 data,
1221 2550 1263 2575 re
1316 2536 1584 2587 praestitisse.
1638 2538 1745 2575 Nam

185 2607 323 2656 paullo
357 2615 453 2656 post
476 2607 711 2658 Collegium
734 2607 982 2646 Sanctorum
1009 2608 1255 2656 Martyrum,
1279 2608 1568 2658 templumque
1592 2621 1746 2659 cogno-

184 2676 307 2722 mine,
342 2676 382 2714 in
405 2685 546 2715 nostra
568 2677 655 2715 iura
678 2677 874 2723 restituit;
899 2686 939 2716 et
961 2677 1078 2716 aunis
1103 2677 1416 2728 insequentibus
1441 2678 1578 2729 regias
1602 2678 1742 2723 aedes,

186 2759 292 2796 quas
325 2747 497 2786 Genuae
529 2747 804 2798 amplissimas
837 2748 1027 2793 habebat,
1063 2747 1215 2787 nostris
1237 2748 1451 2787 sodalibus
1484 2748 1654 2787 tradidit
1688 2748 1745 2786 in-

186 2817 396 2863 colendas,
432 2826 477 2856 ut
498 2817 721 2869 collegium
745 2818 947 2857 iuventuti
970 2818 1222 2857 erudiendae
1244 2832 1291 2857 ea
1316 2818 1355 2857 in
1380 2819 1480 2857 urbe
1503 2827 1744 2858 statuerent.

189 2888 327 2938 Quam
361 2888 472 2939 regis
506 2888 545 2927 in
578 2897 763 2928 nostram
797 2890 1061 2935 Societatem,
1096 2903 1142 2928 ac
1180 2890 1423 2940 praesertim
1458 2890 1497 2928 in
1532 2890 1746 2929 Grassium
