1926 3200
844 242 1106 278 ,Ἣ-

187 335 282 385 Quo
317 336 502 376 obtento,
539 334 795 385 Lugdunum
830 335 955 378 venit,
991 344 1031 374 et
1056 337 1307 375 Nostrorum
1332 346 1479 383 rector,
1515 339 1611 378 dein
1644 340 1755 380 insti-

185 414 298 444 tutor
331 405 539 443 iuniorum
573 405 850 451 sacerdotum,
886 406 957 457 qui
991 406 1207 458 religionis
1240 407 1476 447 tirocinium
1510 409 1752 459 instaurant,

185 486 247 516 est
270 476 535 515 constitutus.
571 477 627 515 At
661 476 762 515 socii
786 477 1027 527 provinciae
1051 478 1334 525 Taurinensis,
1369 494 1415 519 ac
1445 481 1666 532 praecipue
1699 484 1754 521 A-

184 548 379 586 lexander
404 549 543 586 Ponza
566 562 589 586 a
613 547 654 586 S.
681 548 876 594 Martino,
901 549 1051 587 horum
1075 550 1352 601 praepositus,
1378 551 1449 602 qui
1472 552 1575 591 tanti
1598 554 1752 593 sodalis

183 621 382 659 iacturam
430 618 662 670 aegerrime
710 619 910 665 ferebant,
960 619 1062 658 nihil
1112 620 1361 660 intentatum
1404 622 1673 673 reliquerunt,
1708 633 1753 663 ut

182 692 320 730 denuo
354 691 395 728 in
428 690 534 728 hanc
566 689 824 740 provinciam
858 699 1139 741 cooptaretur.
1175 692 1317 742 Quum
1351 691 1490 744 itaque
1523 707 1588 732 res
1621 707 1643 732 e
1665 708 1754 733 sen-

182 763 311 802 tentia
344 761 548 807 cessisset,
586 761 774 807 Pellicus‚
816 762 1028 812 Lugduno
1066 763 1290 813 profectus,
1336 764 1567 803 Bononiam
1602 765 1642 803 in
1677 766 1754 804 Ita-

181 834 277 872 liam
312 832 567 884 properavit,
603 841 644 871 et
676 833 850 871 domum
900 833 1217 879 Exercitiorum,
1263 849 1370 885 quae
1404 835 1515 881 inibi,
1551 845 1595 875 ut
1629 836 1752 876 huius

183 905 296 943 urbis
330 903 663 954 Archiepiscopo
686 903 801 942 fieret
824 904 936 949 satis,
962 904 1188 943 constituta
1211 914 1310 951 erat,
1336 905 1549 944 biennium
1583 915 1646 946 est
1668 921 1754 946 mo-

182 976 363 1014 deratus.
389 975 486 1026 Quo
509 974 774 1021 circumacto,
800 975 981 1013 Romam
1015 984 1076 1014 est
1109 976 1345 1022 accersitus,
1371 985 1411 1015 et
1434 977 1586 1015 domus
1610 978 1752 1017 Sancti

184 1046 353 1085 Eusebii
377 1054 525 1092 rector,
561 1054 601 1085 et
634 1046 835 1097 magister
868 1046 1065 1084 iuvenum
1099 1055 1350 1093 nostrorum,
1391 1062 1497 1098 quos
1530 1049 1753 1088 Tertianos

180 1118 451 1169 appellamus,
487 1116 624 1155 dictus
657 1126 731 1155 est.
769 1116 929 1155 Ibidem
963 1131 1095 1168 usque
1128 1118 1181 1156 ad
1214 1132 1368 1156 annum
1393 1130 1650 1158 MDCCCLXX
1683 1128 1746 1159 est

181 1198 477 1234 commoratus,
511 1202 621 1227 anno
655 1199 894 1227 MDCCCLXI
929 1197 1118 1239 excepto,
1143 1202 1227 1239 quo
1251 1198 1440 1240 tempore
1464 1190 1613 1229 iterum
1638 1191 1750 1242 Lug—

183 1261 283 1299 duni
317 1260 514 1305 constitit,
550 1259 640 1311 agri
673 1259 905 1311 evangelici
938 1260 1154 1310 operarius
1187 1260 1391 1300 assiduus.

274 1331 445 1370 Interim
481 1332 657 1370 Ioannes
692 1331 929 1369 Matthaeus
963 1330 1210 1381 Ciravegna,
1246 1331 1317 1382 qui
1350 1346 1459 1371 anno
1493 1344 1749 1371 MDCCCLXX

184 1403 423 1453 provinciae
456 1401 706 1441 taurinensis
739 1402 1041 1453 praefecturam
1074 1402 1289 1453 auspicato
1332 1412 1583 1454 susceperat,
1619 1418 1748 1454 quum

183 1488 383 1525 magnum
416 1473 640 1524 collegium
673 1472 820 1512 litteris
853 1473 1067 1512 tradendis
1107 1474 1301 1512 Monoeci
1334 1474 1387 1512 ad
1420 1488 1535 1513 oram
1568 1474 1748 1525 ligurem

179 1545 452 1587 contituisset,
488 1545 543 1582 nil
577 1545 717 1595 potius
750 1544 906 1587 habuit,
942 1558 1067 1595 quam
1103 1544 1313 1591 Pellicum‚
1349 1545 1485 1583 minus
1524 1545 1748 1584 commoda

179 1615 415 1654 valetudine
450 1616 612 1653 Romae
661 1624 859 1661 utentem,
911 1614 950 1652 in
999 1629 1116 1653 suam
1165 1615 1425 1666 provinciam
1458 1630 1667 1662 revocare,
1702 1624 1748 1654 ut

176 1700 286 1725 novo
321 1686 512 1737 collegio,
548 1700 595 1723 ea
638 1700 719 1736 qua
761 1686 946 1736 pollebat
980 1685 1195 1736 sapientia,
1230 1686 1489 1725 moderando
1522 1695 1745 1737 praeesset.

174 1757 460 1807 Quadriennio
495 1766 602 1807 post,
641 1756 816 1795 Pellicus
851 1757 1049 1796 Cherium
1073 1766 1136 1796 est
1159 1757 1323 1803 missus,
1359 1766 1398 1796 et
1431 1758 1583 1796 domus
1615 1758 1748 1796 Anto-

173 1829 318 1867 nianae
368 1838 514 1873 rector,
565 1838 691 1879 atque
739 1842 819 1866 una
853 1828 1035 1867 tironum
1079 1837 1317 1867 nostrorum
1351 1829 1551 1880 magister
1584 1837 1646 1868 est
1680 1829 1747 1867 ad-

173 1900 318 1937 lectus.
340 1899 400 1937 Ibi
420 1913 519 1937 vero
539 1907 691 1937 terram
715 1898 920 1937 sideribus
944 1899 1230 1944 commutavit,
1251 1899 1367 1938 senio
1391 1900 1616 1942 confectus,
1637 1913 1746 1938 anno

182 1970 329 2009 aetatis
364 1970 626 2021 octogesimo
660 1971 803 2008 altero.

266 2042 432 2080 Statura
482 2041 557 2079 fuit
606 2041 783 2087 modica,
834 2041 892 2080 uti
941 2041 1096 2080 Silvius
1144 2041 1280 2085 frater,
1325 2041 1442 2080 cuius
1489 2041 1612 2080 etiam
1662 2041 1746 2079 oris

176 2113 440 2158 lineamenta,
475 2112 601 2150 animi
650 2113 892 2157 bonitatem,
934 2122 974 2151 et
1008 2127 1171 2151 morum
1206 2112 1453 2151 suavitatem
1488 2111 1639 2150 retulit.
1675 2112 1746 2150 Sa-

177 2183 344 2234 pientia,
396 2183 628 2233 prudentia,
679 2193 804 2235 atque
853 2183 893 2222 in
942 2183 1087 2234 primis
1131 2183 1278 2222 caritas
1312 2183 1417 2222 inter
1450 2183 1537 2222 eius
1570 2183 1745 2222 virtutes

176 2264 570 2293 commemorantur.
591 2256 725 2294 Tanta
744 2255 853 2294 enim
877 2254 952 2294 fuit
971 2255 1301 2299 mansuetudine,
1323 2264 1367 2294 ut
1385 2270 1407 2293 a
1425 2254 1509 2293 suis
1533 2254 1746 2293 sodalibus

175 2326 331 2364 Sancto
365 2325 588 2364 Francisco
623 2326 783 2365 Salesio
807 2336 1132 2376 compararetur.
1161 2326 1387 2364 Enimvero
1411 2325 1532 2363 huius
1566 2325 1746 2375 praecla-

176 2396 328 2435 rissimi
361 2411 407 2435 ac
441 2397 676 2435 suavissimi
712 2397 921 2436 Ecclesiae
952 2397 1192 2436 Catholicae
1225 2396 1411 2436 doctoris
1445 2396 1658 2434 caritatem
1683 2409 1746 2434 ae-

176 2468 321 2506 mulari
355 2468 544 2518 apprime
579 2468 759 2511 studuit:
795 2469 951 2519 quippe
999 2468 1063 2507 cui
1097 2482 1119 2506 a
1152 2468 1317 2514 teneris,
1353 2482 1433 2505 una
1473 2481 1566 2506 cum
1600 2474 1743 2509 matre,

175 2539 356 2577 foemina
391 2539 716 2589 religiosissima,
752 2539 1062 2578 addictissimus
1100 2539 1188 2578 fuit.
1234 2539 1341 2578 Sunt
1384 2538 1453 2589 qui
1487 2537 1739 2588 scripserint,

178 2610 375 2649 Pellicum
400 2610 476 2648 sibi
501 2624 653 2649 nomen
678 2610 946 2649 Franciscum
980 2611 1205 2649 adscivisse
1240 2624 1323 2661 quo
1361 2610 1427 2648 die
1461 2618 1645 2647 nostram
1670 2608 1743 2646 So-

173 2682 365 2719 cietatem
399 2690 460 2719 est
496 2681 720 2730 ingressus.
757 2683 812 2720 At
845 2682 960 2720 falso.
1012 2683 1119 2720 Nam
1168 2682 1221 2720 ad
1265 2694 1426 2719 sacrum
1468 2678 1736 2730 Baptismatis

173 2752 331 2790 sontem
356 2751 601 2790 Franciscus
627 2752 818 2790 Leander
841 2761 903 2791 est
925 2753 1171 2803 appellatus,
1208 2760 1249 2790 et
1283 2750 1491 2789 Francisci
1517 2749 1684 2787 nomine
1719 2763 1741 2787 a

175 2832 305 2861 matre
333 2832 373 2861 et
407 2836 562 2864 smol-e,
598 2823 772 2873 aliisque
805 2823 1104 2874 compluribus,
1140 2832 1363 2873 antequam
1389 2830 1573 2860 nostram
1608 2821 1745 2860 Socie—

177 2903 304 2932 tatem
340 2894 672 2943 amplecteretur,
707 2895 906 2945 appellari
940 2895 1100 2933 solebat
1124 2900 1199 2943 (7).
