1926 3200
861 217 1124 261 *153—

203 322 384 373 primum
420 321 557 365 Iriam,
592 320 834 370 politiorum
879 319 1108 357 litterarum
1153 319 1313 365 doctor,
1358 319 1454 358 dein
1488 319 1684 358 Nicaeam
1718 320 1771 358 ad

202 393 359 431 Varum
394 392 535 430 rhetor
582 399 644 429 est
692 390 862 431 missus:
912 403 1122 440 quamque
1156 388 1218 428 sui
1257 389 1589 440 expectationem
1623 391 1771 430 excita-

206 472 333 509 verat,
370 464 475 502 hanc
508 462 744 512 utrobique,
780 475 863 499 non
897 461 1023 499 modo
1057 474 1139 499 non
1188 461 1342 504 fefellit,
1388 462 1461 500 sed
1495 462 1620 514 longe
1653 476 1772 513 supe-

204 535 322 574 ravit.
359 535 548 573 Exeunte
582 546 690 571 anno
724 543 991 575 MDCCCXLV,
1027 532 1142 582 quod
1176 546 1258 570 non
1298 532 1424 571 modo
1458 532 1498 570 in
1531 532 1769 579 levioribus,

206 607 280 646 sed
315 606 354 644 in
388 604 653 657 gravioribus
692 603 921 654 disciplinis
966 602 1230 641 addiscendis
1265 603 1435 654 ingenio
1469 605 1616 643 ceteris
1659 618 1773 655 prae-

204 686 344 723 staret,
371 678 551 715 Romam
576 684 639 714 est
671 675 838 720 accitus,
864 682 908 713 ut
931 674 971 712 in
995 674 1214 713 Athenaeo
1245 674 1509 726 Gregoriano
1533 675 1771 726 theologiae

203 749 386 788 stadium
410 747 663 791 emetiretur,
689 746 923 796 eodemque
947 753 1136 796 tempore
1160 745 1335 784 alumnis
1360 745 1538 797 Collegii
1558 745 1772 785 Nobilium

202 820 243 858 in
277 818 546 871 philosophia
578 817 800 856 recolenda
833 824 1055 867 praeesset.

293 892 353 929 Ea
386 890 426 928 in
450 890 564 933 urbe,
600 901 854 940 quamquam
897 887 1049 926 studiis
1089 887 1348 939 gravissimis
1386 888 1604 931 distentus,
1645 888 1773 926 vitam

205 961 466 1013 conscripsit,
503 959 777 1011 vulgavitque
813 958 981 997 Ioannis
1008 958 1220 1009 Baptistae
1245 959 1398 997 Prever
1427 968 1467 998 et
1499 958 1648 997 Aloisii
1678 959 1777 998 Cor-

210 1032 356 1072 radini.
408 1033 512 1070 Item
557 1030 789 1070 orationem
838 1029 1008 1068 latinam
1057 1028 1367 1080 elegantissime
1414 1029 1678 1068 concinnavit
1726 1029 1777 1067 de

209 1104 342 1143 Maria
375 1102 550 1153 Virgine
583 1101 789 1140 sideribus
823 1108 1002 1151 recepta.
1039 1101 1180 1151 Quum
1231 1100 1368 1150 itaque
1407 1109 1608 1151 quantum
1643 1101 1682 1138 in
1717 1100 1777 1138 lit-

205 1175 304 1215 teris
353 1175 526 1217 valeret,
576 1173 700 1212 etiam
741 1173 904 1211 Romae
947 1171 1096 1210 artium
1141 1171 1366 1222 magistrae
1415 1171 1683 1217 innotuisset,
1735 1170 1774 1208 in

206 1255 371 1286 coetum
421 1245 639 1284 hominum
672 1244 962 1285 litteratorum,
1013 1242 1164 1293 quibus
1197 1242 1248 1280 ab
1286 1242 1489 1280 Arcadiae
1538 1241 1776 1292 pastoribus

206 1319 251 1358 fit
285 1331 450 1363 nomen,
486 1325 548 1355 est
582 1323 786 1366 receptus.
824 1313 1032 1365 Quocirca
1065 1314 1202 1364 lepide
1246 1313 1393 1359 aiebat,
1429 1327 1484 1355 se,
1521 1327 1774 1364 quamquam

206 1388 598 1441 paupertatis-voto
647 1385 907 1431 obstrictum,
959 1394 1098 1424 tamen
1132 1398 1258 1436 agros
1292 1385 1539 1435 complures,
1576 1398 1774 1435 ovesque,

206 1462 421 1511 bovesque
454 1460 493 1498 in
529 1458 703 1497 Graecia
751 1456 977 1508 possidere,
1013 1471 1035 1494 a
1070 1456 1221 1506 quibus
1271 1455 1400 1494 nihilo
1449 1456 1583 1494 secius
1617 1455 1775 1493 nullum

209 1545 394 1583 unquam
428 1531 607 1569 fructum
641 1528 830 1580 cepisset,
867 1528 931 1567 vel
967 1536 1164 1578 capturus
1197 1535 1317 1565 esset.

296 1602 437 1642 Secuti
472 1609 579 1647 sunt,
615 1614 724 1639 anno
749 1610 1073 1641 MDCCCXLVIH,
1099 1598 1241 1637 civiles
1272 1606 1423 1641 motus,
1460 1598 1611 1648 quibus
1646 1596 1775 1642 Italia,

208 1689 293 1714 non
341 1674 483 1718 modo,
533 1672 607 1711 sed
656 1672 825 1722 Europa
874 1684 1005 1721 paene
1055 1669 1247 1708 universa
1287 1682 1455 1720 pessum
1491 1668 1548 1706 ire
1581 1668 1670 1706 visa
1703 1675 1777 1706 est.

208 1747 355 1797 Itaque
405 1743 621 1786 Bai-onius,
671 1741 907 1781 sacerdotio
956 1754 1135 1792 propere
1184 1740 1369 1779 initiatus
1404 1741 1481 1790 (Ι),
1520 1739 1701 1778 Dianum
1737 1738 1777 1776 in

208 1816 385 1868 patriam
419 1829 535 1854 suam
570 1813 822 1853 contendere
855 1821 917 1851 est
952 1812 1099 1856 iussus,
1141 1811 1281 1862 ibique
1324 1811 1436 1862 apud
1470 1824 1567 1849 suos
1601 1810 1775 1848 delituit.

208 1889 266 1927 At
300 1901 400 1926 vero
434 1900 637 1925 oceanum
681 1885 820 1936 potius
860 1893 1087 1927 transnare,
1133 1891 1173 1922 et
1207 1883 1247 1921 in
1281 1882 1406 1921 sacris
1440 1881 1778 1932 expeditionibus

209 1959 338 1998 vitam
373 1958 439 1996 vel
475 1957 607 2008 ipsam
642 1970 717 2007 pro
752 1955 954 2006 religione
988 1954 1139 2005 pacisci
1163 1953 1391 1997 constituit,
1428 1966 1551 2003 quam
1586 1952 1626 1990 in
1650 1952 1779 1990 domo

209 2039 384 2082 paterna
426 2028 582 2068 diutius
622 2027 848 2066 immorari.
894 2026 1031 2077 Quam
1076 2026 1130 2064 ob
1164 2039 1263 2067 rem,
1300 2024 1416 2063 Italia
1449 2031 1606 2074 pacata,
1642 2035 1778 2073 neque

209 2100 402 2145 lacrimis,
453 2113 588 2150 neque
622 2098 815 2149 precibus
849 2110 1032 2141 suorum,
1068 2096 1290 2147 praecipue
1324 2094 1479 2140 matris,
1515 2108 1537 2132 a
1571 2107 1652 2144 qua
1685 2093 1778 2143 plus

208 2172 346 2211 anima
378 2171 642 2222 diligebatur,
678 2168 836 2207 moveri
871 2167 1019 2219 potuit,
1056 2167 1155 2218 quin
1190 2166 1298 2205 datis
1321 2165 1468 2205 litteris
1502 2164 1679 2203 reditum
1713 2177 1779 2202 ex-

209 2243 367 2294 templo
391 2257 413 2280 a
436 2241 521 2280 suis
555 2239 815 2292 praesidibus
849 2239 1102 2289 impetraret.
1145 2238 1290 2288 Itaque
1324 2237 1375 2275 ab
1414 2235 1561 2274 iisdem
1595 2235 1777 2273 Romam

210 2306 449 2359 revocatus,
491 2312 631 2363 ibique
678 2310 928 2361 theologicis
972 2309 1121 2349 studiis
1158 2308 1377 2353 absolutis,
1413 2306 1597 2346 doctoris
1640 2306 1779 2344 laurea

212 2393 275 2424 est
307 2385 567 2423 honestatus.

298 2457 398 2494 Post
430 2455 532 2493 haec
567 2453 788 2504 Neapolim
823 2460 885 2491 est
918 2451 1153 2493 accersitus,
1190 2458 1246 2494 ut,
1282 2462 1358 2500 pro
1383 2448 1535 2486 nostris
1572 2446 1774 2491 moribuS,

208 2526 374 2578 pietatis
407 2525 643 2565 tirocinium
678 2524 947 2568 instauraret;
983 2536 1067 2573 quo
1090 2521 1142 2560 ad
1171 2520 1326 2560 exitum
1361 2519 1575 2570 perducto,
1612 2517 1776 2556 sodales

210 2598 392 2637 iuniores
425 2596 664 2647 provinciae
697 2594 986 2645 neapolitanae
1019 2592 1243 2632 triennium
1272 2589 1521 2629 rhetoricam
1555 2588 1709 2633 docuit,
1735 2595 1776 2626 et

210 2668 421 2719 singulare
455 2666 638 2706 doctoris
671 2679 823 2704 nomen
857 2665 901 2703 in*
931 2678 979 2703 ea
1011 2663 1226 2714 provincia
1259 2661 1335 2700 sibi
1369 2659 1639 2710 comparavit.
1681 2659 1776 2697 Hoc

216 2747 355 2778 tamen
394 2746 457 2777 est
486 2737 712 2779 fatendum,
750 2735 986 2780 Bal-onium,
1023 2734 1062 2772 in
1097 2731 1328 2784 praeceptis
1367 2730 1577 2770 tradendis
1611 2738 1650 2768 et
1687 2728 1780 2767 scri-

212 2809 403 2860 ptoribus
446 2807 705 2851 enarrandis,
756 2806 850 2845 stilo
898 2805 1070 2844 elatiore
1120 2817 1239 2842 usum
1288 2816 1401 2846 esse,
1452 2809 1495 2839 ut
1542 2799 1661 2850 pauci
1711 2798 1778 2837 ad-

216 2879 386 2918 modum
430 2878 725 2921 invenirentur,
776 2876 846 2927 qui
895 2875 983 2915 eius
1031 2874 1229 2913 lectiones
1278 2873 1397 2924 plane
1445 2877 1777 2921 assequerentur.
