1926 3200
941 802 1008 840 IV.

609 1017 948 1068 IOSEPHVS
1004 1018 1336 1068 CALVETTI

199 1414 363 1521 HIC
401 1411 478 1450 fuit
510 1409 770 1456 taurinensis,
805 1418 845 1449 et
868 1410 908 1448 in
932 1411 1065 1449 lucem
1099 1410 1235 1449 editus
1268 1424 1376 1449 anno
1411 1421 1666 1449 MDCCCXIX.
1702 1411 1749 1448 In

349 1481 526 1532 collegio
569 1481 716 1532 patrio,
761 1481 825 1519 cui
869 1495 1021 1520 nomen
1054 1495 1077 1519 a
1110 1481 1314 1527 Carmelo,
1359 1481 1411 1519 ad
1444 1495 1609 1520 omnem
1644 1481 1749 1521 litte-

190 1567 327 1592 rarum
362 1552 661 1591 humanitatem
694 1566 717 1590 a
750 1552 902 1591 nostris
939 1551 1151 1591 sodalibus
1188 1560 1249 1590 est
1288 1551 1554 1595 informatus:
1591 1566 1674 1603 quo
1709 1552 1748 1591 in

191 1623 394 1662 curriculo
443 1623 683 1674 aequalibus
731 1631 934 1674 perpetuo
982 1622 1169 1674 praeivit.
1220 1624 1368 1674 Neque
1417 1622 1553 1661 minus
1597 1623 1750 1674 pietate

190 1695 408 1746 praestitit.
431 1693 656 1745 Inculpatis
675 1694 859 1733 moribus
882 1694 1135 1740 adolescens,
1157 1695 1307 1740 Deum,
1332 1694 1507 1745 eiusque
1529 1694 1746 1746 Virginem

193 1767 410 1804 Parentem
436 1765 621 1815 impense
644 1764 825 1811 colebat3
860 1779 1009 1816 pravas
1034 1765 1227 1804 iuvenum
1251 1764 1549 1804 familiaritates
1572 1765 1747 1811 vitabat3

191 1837 368 1875 maiores
403 1843 501 1874 natu
525 1836 756 1881 verebatur,
781 1849 1010 1886 eorumque
1033 1835 1214 1874 consiliis
1237 1835 1502 1886 potissimum
1526 1836 1746 1875 nitebatur.

194 1907 348 1946 Christi
384 1905 658 1957 Evangelium
693 1919 775 1944 non
807 1906 1098 1953 erubescebat3
1133 1914 1262 1957 utque
1294 1907 1497 1945 malorum
1532 1907 1746 1945 hominum

190 1978 400 2017 irrisiones
432 1977 630 2022 eluderet,
665 1977 755 2015 luce
778 1978 926 2028 palam,
952 1977 1106 2028 templa
1128 1977 1280 2023 adibat,
1315 1977 1441 2016 sacris
1476 1977 1681 2024 intererat,
1707 1987 1746 2017 et

188 2049 376 2100 angelica
409 2048 515 2099 dape
548 2048 819 2087 reficiebatur.
855 2048 965 2099 Quid
1006 2047 1160 2098 ingenii
1200 2048 1375 2091 bonitas,
1415 2056 1456 2087 et
1494 2057 1604 2088 recta
1637 2049 1748 2088 insti-

191 2120 296 2159 tutio
331 2120 514 2158 valerent
547 2133 675 2170 quum
709 2118 807 2158 satis
831 2132 1039 2170 superque
1072 2118 1440 2169 comprobavisset,
1476 2119 1640 2171 collegii
1664 2134 1748 2158 mo-

187 2191 413 2236 deratores,
441 2190 638 2228 diuturno
661 2189 748 2228 eius
772 2198 871 2228 voto
889 2190 1086 2235 obsecuti,
1112 2203 1219 2235 eum,
1241 2203 1371 2228 annos
1391 2198 1533 2229 natum
1552 2190 1744 2235 sedecim,

188 2261 399 2307 Cherium,
436 2260 669 2311 proximam
704 2260 743 2298 in
777 2261 920 2299 urbem
960 2260 1172 2306 miserunt,
1209 2269 1253 2299 ut
1287 2260 1326 2298 in
1361 2269 1501 2299 nostra
1538 2261 1747 2300 Societate

188 2331 410 2383 religiosae
442 2331 550 2370 vitae
583 2330 818 2370 tirocinium
853 2331 984 2369 iniret.

275 2401 336 2440 Ibi
375 2415 538 2440 summa
575 2401 729 2440 laetitia
766 2416 789 2440 a
826 2401 1029 2440 tironibus
1067 2410 1130 2440 est
1167 2410 1376 2452 exceptus.
1420 2402 1526 2440 Nam
1566 2402 1744 2453 pietatis,

191 2472 345 2524 ingenii
379 2481 419 2512 et
452 2472 665 2512 doctrinae
712 2472 819 2511 fama
867 2472 979 2511 illum
1028 2472 1266 2511 anteiverat.
1317 2473 1416 2511 Erat
1463 2472 1586 2512 etiam
1622 2472 1660 2511 in
1695 2487 1745 2512 eo

187 2552 301 2583 tanta
333 2543 416 2582 oris
449 2543 630 2582 suavitas
663 2552 703 2582 et
735 2557 897 2582 morum
922 2543 1144 2589 urbanitas,
1176 2551 1221 2582 ut
1244 2557 1367 2582 nemo
1391 2543 1509 2589 foret,
1534 2544 1633 2595 quin
1657 2544 1745 2583 eius

184 2614 263 2653 frui
296 2615 595 2654 consuetudine
628 2614 805 2653 maxime
838 2623 1012 2665 optaret.
1050 2614 1193 2660 Novis,
1230 2614 1361 2665 iisque
1396 2614 1642 2654 firmissimis
1687 2629 1745 2653 re-

187 2684 355 2736 ligionis
388 2685 666 2724 fundamentis
698 2685 858 2736 positis,
898 2685 1043 2724 litteris
1087 2684 1408 2731 venustioribus,
1453 2685 1557 2724 duce
1591 2686 1744 2725 Carmi-

187 2755 311 2801 natio‚
348 2755 406 2794 uti
441 2755 571 2794 nostri
605 2764 701 2795 sunt
733 2770 882 2802 mores,
907 2770 1076 2807 operam
1100 2755 1237 2794 denuo
1262 2755 1486 2806 impendit;
1521 2756 1615 2795 dein
1640 2757 1744 2794 Tau-

187 2827 263 2865 rini
297 2827 337 2865 in
373 2826 563 2878 Collegio
605 2827 852 2866 Sanctorum
897 2828 1128 2877 Martyrum
1172 2826 1472 2877 philosophicis
1514 2826 1743 2877 disciplinis

184 2897 372 2936 animum
406 2897 584 2936 advertit
616 2906 730 2936 tanta
762 2897 965 2943 felicitate,
1001 2905 1046 2936 ut
1079 2906 1370 2948 praeceptores
1403 2911 1496 2935 eum
1531 2897 1744 2947 elegerint,
