1926 3200
865 787 1022 825 XXIV.

623 1003 965 1053 {OSEPHVS
1023 1004 1263 1052 ΒΑΥΜΑ

157 1397 418 1509 CYRIACI
467 1396 507 1433 in
555 1394 794 1446 Subalpinis
841 1403 904 1433 est
956 1402 1072 1433 ortus
1116 1393 1357 1444 parentibus
1411 1392 1716 1432 honestissimis

289 1481 398 1505 anno
431 1474 644 1517 reparatae
677 1465 819 1504 salutis
853 1476 1106 1509 MDCCCXVI,
1151 1472 1191 1502 et
1223 1478 1246 1501 a
1279 1472 1425 1502 natura
1463 1463 1518 1502 ita
1550 1477 1716 1514 compa-

156 1546 282 1580 ratus,
318 1545 363 1575 ut
395 1536 600 1587 quidquid
633 1536 803 1587 legeret,
838 1536 903 1574 vel
935 1535 1108 1581 audiret,
1133 1543 1328 1585 prompte
1361 1533 1573 1585 arriperet,
1598 1534 1715 1572 firme

158 1615 330 1651 teneret,
365 1615 406 1645 et
437 1614 532 1657 apte
565 1605 815 1657 exprimeret
834 1608 911 1656 (Ι).
938 1606 984 1644 In
1007 1604 1185 1656 collegio
1209 1604 1447 1648 taurinensi,
1473 1604 1538 1643 cui
1562 1618 1713 1643 nomen

154 1694 180 1718 a
213 1678 422 1723 Carmelo,
456 1677 506 1715 ad
540 1691 707 1716 omnem
742 1677 986 1728 religionem
1020 1685 1060 1715 et
1091 1676 1321 1715 litterarum
1359 1675 1659 1714 humanitatem
1693 1690 1715 1714 a

156 1749 291 1801 prima
323 1747 602 1787 adolescentia
634 1756 696 1786 est
719 1748 982 1794 informatus:
1018 1747 1117 1799 quin
1139 1747 1264 1786 etiam
1297 1746 1592 1792 mechanicam,
1618 1761 1714 1798 gra-

155 1820 333 1871 phicam,
368 1828 409 1858 et
442 1819 640 1858 musicam
673 1832 767 1857 cum
800 1819 922 1857 laude
964 1818 1120 1857 didicit.
1146 1820 1343 1857 Nostram
1368 1818 1619 1857 Societatem
1652 1825 1715 1856 est

155 1891 374 1941 amplexus
407 1890 554 1929 aetatis
587 1904 697 1928 anno
733 1889 879 1940 quinto
912 1889 1073 1928 decimo
1115 1890 1183 1928 vix
1214 1890 1392 1940 expleto.
1429 1890 1522 1939 Qua
1556 1888 1715 1927 ratione

156 1961 198 2000 id
231 1961 468 2012 contigerit,
502 1961 615 1999 iuvat
648 1961 811 1999 docere.

244 2032 494 2071 Litterarum
528 2031 675 2071 studiis
708 2031 921 2076 absolutis,
957 2045 1084 2082 quum
1119 2031 1199 2069 iam
1223 2031 1263 2069 in
1286 2045 1336 2070 eo
1370 2040 1490 2077 esset,
1527 2039 1570 2069 ut
1603 2044 1716 2068 seve—

152 2103 331 2142 rioribus
364 2102 593 2153 disciplinis
628 2102 668 2140 in
705 2102 923 2141 Athenaeo
956 2101 1202 2140 Taurinensi
1245 2115 1416 2152 operam
1450 2110 1637 2153 poneret,
1673 2101 1712 2138 in

154 2183 393 2214 nostrorum
427 2175 650 2227 collegium
695 2183 756 2213 est
800 2188 1027 2225 regressus,
1073 2182 1117 2212 ut
1160 2174 1203 2212 P.
1248 2174 1443 2212 Carolum
1478 2173 1711 2216 Grossium,

152 2246 387 2285 studiorum
421 2246 687 2297 praefectum,
734 2245 784 2283 de
827 2244 963 2284 fratris
1007 2244 1069 2283 sui
1112 2244 1152 2282 in
1185 2244 1331 2283 litteris
1365 2258 1591 2295 progressu
1625 2257 1714 2294 per—

149 2325 405 2356 contaretur.
441 2317 583 2367 Quum
618 2316 758 2366 itaque
791 2315 912 2354 simul
948 2315 987 2353 in
1021 2315 1202 2353 maximo
1244 2315 1483 2353 ambulacro
1521 2315 1630 2353 ultro
1663 2314 1715 2353 ci-

153 2395 303 2437 troque
336 2387 586 2431 incedentes,
625 2386 732 2425 inter
765 2400 807 2424 se
851 2385 1238 2427 sermocinarentur,
1283 2385 1433 2424 accidit
1466 2393 1510 2423 ut
1543 2392 1713 2435 repente

151 2471 292 2496 sermo
325 2457 524 2503 haereret,
559 2466 600 2496 et
632 2457 755 2495 ambo
799 2457 1147 2495 obmutescerent.
1191 2457 1298 2494 Tum
1344 2456 1511 2506 Bayma,
1553 2455 1713 2506 pudore

150 2537 382 2579 correptus,
412 2528 623 2567 silentium
657 2542 782 2579 aegre
817 2528 966 2571 ferens,
1002 2536 1047 2566 ut
1079 2541 1230 2565 novam
1253 2527 1464 2577 colloquio
1498 2526 1715 2565 materiam

150 2599 462 2649 suppeditaret:
497 2614 519 2637 «
548 2600 671 2638 Pater
703 2599 770 2644 mi,
816 2612 889 2649 per
923 2598 1058 2636 iocum
1102 2598 1247 2649 inquit,
1292 2597 1396 2636 scias
1439 2597 1600 2639 amabo.
1646 2610 1712 2635 me

152 2669 350 2708 Iesuitam
384 2670 488 2708 velle
522 2669 609 2708 fieri
664 2685 701 2708 ›>.
743 2669 940 2708 Grossius
979 2669 1019 2707 id
1053 2668 1161 2707 serio
1202 2668 1411 2719 prolatum
1455 2667 1708 2712 existimans,

150 2739 277 2778 fidem
311 2740 348 2778 ei
382 2740 538 2785 habuit,
584 2749 710 2791 atque
753 2740 981 2778 admodum
1025 2740 1279 2789 gratulatus:
1314 2753 1335 2777 «
1365 2739 1528 2781 Planus,
1565 2737 1710 2789 inquit,

149 2818 213 2848 est
245 2810 396 2849 aditus.
432 2811 705 2861 praepositus
731 2810 1000 2849 provincialis
1022 2810 1134 2860 apud
1165 2823 1241 2848 nos
1264 2817 1462 2848 moratur.
1488 2809 1625 2847 Tuum
1649 2816 1712 2847 est

147 2894 243 2919 eum
278 2882 488 2932 extemplo
520 2881 755 2925 convenire,
792 2889 835 2920 ut
869 2881 954 2920 voti
997 2894 1170 2931 compos
1212 2880 1364 2919 evadas
1392 2895 1426 2918 ».
1462 2880 1580 2919 Tunc
1613 2879 1710 2918 ado-
