1926 3200
880 233 931 237 --
973 221 1045 246 101
1087 233 1139 236 —-

229 327 367 363 opera.
404 314 465 351 vel
501 313 651 364 legere.
688 313 751 351 vel
787 312 965 350 scribere
1000 325 1081 349 non
1115 311 1286 350 destitit.
1312 311 1445 349 Tanta
1469 311 1542 349 suit
1577 320 1789 361 praeterea

229 384 398 423 caritate
431 393 470 423 et
503 384 710 429 comitate,
746 392 790 422 ut
823 397 905 421 non
945 383 1071 420 modo
1115 382 1215 420 nulli
1259 396 1442 433 unquam
1475 381 1633 420 aditum
1668 396 1790 432 nega-

228 456 345 499 verit,
381 456 454 494 sed
489 469 632 494 omnes
666 454 937 494 libentissime
970 453 1189 504 exceperit,
1225 462 1349 504 atque
1393 453 1690 491 humanissime
1723 454 1789 491 ha-

229 527 375 565 buerit.
412 526 561 565 Avitae
595 526 760 577 pietatis
795 539 965 571 memor,
1001 540 1048 563 ea
1082 524 1121 562 in
1150 533 1347 573 aegrotos
1371 533 1411 563 et
1434 538 1637 575 pauperes
1672 523 1789 562 mise-

228 597 405 636 ricordia
439 597 652 648 impulsus,
688 610 769 647 qua
803 596 882 634 iam
918 595 1011 634 inde
1034 610 1057 634 a
1090 609 1220 646 puero
1263 595 1528 640 afficiebatur,
1575 595 1787 645 ingentem

227 668 426 720 pecuniae
459 668 553 713 vim,
589 682 695 719 quae
728 667 804 706 sibi
838 682 888 706 ex
920 681 1010 705 asse
1034 676 1206 718 paterno
1239 668 1478 711 obvenerat,
1519 666 1712 705 facultate
1736 667 1789 704 A·

225 739 427 790 postolica
469 740 649 782 obtenta.
685 753 731 777 ac
764 746 1013 777 testamento
1062 738 1309 788 tempestive
1357 737 1594 788 obsignato,
1636 737 1787 788 partim

226 811 360 861 patrio
384 809 627 849 nosocomio
651 810 817 860 legavit,
844 809 993 860 partim
1020 809 1059 847 in
1093 823 1323 860 pauperum
1360 809 1547 847 levamen
1581 808 1783 858 erogavit.

227 882 375 932 Neque
407 893 578 931 prorsus
612 879 851 930 provinciae
883 894 982 918 suae
1014 888 1244 930 egestatem
1278 879 1477 918 oblivioni
1521 879 1647 918 dedit.

318 953 463 1002 Itaque
496 950 777 991 Centurionus
826 950 990 1001 generis
1038 950 1339 993 claritudinem,
1388 950 1590 992 doctrina.
1636 950 1716 988 fide
1749 959 1789 988 et

228 1022 380 1073 pietate
403 1022 629 1061 exornavit.
656 1022 920 1072 Quamquam
940 1021 1048 1059 enim
1069 1021 1277 1060 nonnullis
1296 1021 1563 1072 opinionibus
1586 1020 1785 1064 adhaesit,

227 1106 329 1143 quas
352 1092 539 1131 liberales
564 1106 773 1138 vocamus,
799 1092 872 1130 has
896 1100 1033 1131 tamen
1058 1092 1243 1143 publicas
1267 1092 1399 1131 facere
1423 1091 1615 1143 religioni
1653 1092 1782 1130 duxit.

227 1163 494 1214 Quapropter
542 1172 638 1202 sunt
687 1162 961 1213 improbandi,
997 1162 1080 1213 qui,
1126 1162 1195 1201 illo
1229 1162 1313 1201 vita
1345 1162 1499 1205 functo,
1534 1162 1714 1212 aliquam
1738 1175 1787 1199 ex

225 1234 312 1273 eius
345 1233 544 1285 epistolis,
580 1248 661 1285 qua
694 1233 933 1272 huiusmodi
978 1233 1196 1284 opiniones
1244 1242 1392 1278 tuetur,
1440 1233 1657 1285 invulgare
1691 1242 1786 1271 sunt

225 1304 326 1344 ausi.
362 1305 502 1355 Quum
535 1319 688 1343 annum
713 1313 874 1343 sextum
908 1313 948 1343 et
981 1304 1289 1353 sexagesinmm
1312 1304 1531 1355 attigisset,
1559 1303 1614 1341 ibi
1638 1312 1787 1342 morta-

226 1376 382 1415 litatem
416 1376 540 1421 exuit,
575 1375 644 1414 ubi
678 1389 768 1414 eam
803 1376 1004 1414 induerat.
1042 1375 1261 1414 Memorati
1295 1375 1525 1414 nosocomii
1559 1384 1783 1419 curatores,

225 1447 332 1498 grati
365 1447 489 1486 animi
523 1461 637 1498 ergo,
673 1456 851 1486 statuam
886 1446 939 1485 illi
974 1461 995 1485 e
1029 1461 1234 1485 marmore
1268 1455 1510 1497 posuerunt,
1561 1446 1680 1485 titulo
1730 1446 1788 1484 in—

225 1518 401 1568 sculpto.
437 1532 562 1569 quem
598 1518 700 1556 infra
733 1517 988 1556 subiicimus.
