1926 3200
179 303 329 340 rubore
363 310 425 340 est
468 301 661 342 suffusus,
708 310 749 340 ut
794 301 940 349 viginti
985 301 1170 351 quinque
1204 310 1297 351 post
1331 301 1461 343 annis,
1497 314 1625 351 quum
1659 300 1738 338 hoc

178 372 287 410 idem
322 372 421 409 mihi
455 381 678 414 enarraret,
714 386 875 409 rursum
910 372 1153 409 erubescere
1188 372 1410 409 videretur.

269 443 328 481 Ex
362 443 425 481 his
459 442 652 481 omnibus
686 442 802 480 facile
836 441 1092 493 intelligitur,
1134 442 1284 492 quibus
1317 441 1484 479 demum
1518 441 1570 479 de
1603 440 1737 478 causis

179 528 302 553 omne
336 527 468 561 genus
502 512 718 552 hominum
742 521 958 563 tantopere
981 526 1031 550 eo
1060 512 1374 553 delectarentur,
1410 525 1484 549 nec
1517 511 1737 561 quisquam

179 594 299 625 esset,
336 584 435 635 quin
453 584 663 622 hominem
683 597 862 625 cernere,
883 583 1038 625 audire,
1060 596 1152 620 cum
1176 597 1226 621 eo
1244 582 1357 632 loqui
1377 591 1416 620 et
1434 596 1537 627 csse,
1567 581 1740 631 eiusque

179 655 359 694 amicitia
393 655 516 705 potiri
552 654 729 692 maxime
761 664 918 696 averet:
954 655 1004 692 ab
1038 668 1087 692 eo
1120 663 1258 692 autem
1302 653 1475 692 distrahi
1508 652 1737 691 admodum

180 735 351 777 gravate
399 726 534 767 ferret.
570 736 613 763 ut
647 726 750 763 bene
790 725 906 763 multi
958 725 996 762 in
1045 725 1233 763 lacrimas
1282 724 1570 774 irrumperent.
1621 724 1740 774 Quae

180 796 318 836 omnia
342 796 581 846 neutiquam
605 795 863 837 accidissent,
890 795 965 833 nisi
989 809 1083 833 eum
1108 804 1266 837 natura,
1292 803 1353 833 tot
1383 794 1623 832 muneribus
1645 807 1740 832 con-

178 868 322 919 gestis,
359 882 381 905 a
414 868 533 906 turba
567 880 780 904 secernere
813 867 1128 916 quodammodo
1163 866 1403 905 studuisset.

273 939 336 976 De
383 939 537 987 Bayma
583 937 667 975 vita
710 937 852 975 functo
904 937 1193 987 ephemerides
1237 936 1509 974 Americanae
1550 935 1734 986 elogium

178 1008 427 1059 evulgarunt
469 1007 834 1058 perhonorificum.
882 1007 987 1045 Eum
1038 1007 1146 1045 enim
1201 1007 1410 1057 appellare
1454 1020 1536 1045 non
1579 1006 1740 1044 dubita-

179 1088 327 1118 verunt
378 1079 504 1116 Urbis
553 1079 725 1116 Sanam
765 1079 914 1116 Clarae
963 1078 1156 1119 Genium,
1207 1087 1247 1117 et
1296 1091 1431 1116 rerum
1480 1076 1741 1115 mathemati-

179 1163 319 1188 carum
373 1149 617 1200 gigantem,
662 1149 824 1200 aliaque
874 1150 992 1199 plura
1035 1149 1085 1187 de
1137 1150 1283 1187 eodem
1328 1158 1422 1187 sunt
1465 1156 1737 1199 prosecutae;

179 1234 296 1272 quae,
332 1220 495 1258 tametsi
529 1234 602 1270 per
635 1220 907 1270 hyperbolem
941 1220 1176 1270 conscripta
1209 1220 1415 1263 videntur,
1450 1228 1588 1258 tamen
1614 1219 1740 1257 fidem

179 1291 344 1335 faciunt,
380 1291 523 1341 quanti
557 1305 701 1342 reapse
736 1292 891 1341 Bayma
924 1291 1035 1341 apud
1069 1291 1159 1329 illos
1193 1291 1320 1333 fieret,
1365 1305 1388 1328 a
1426 1289 1577 1341 quibus
1616 1303 1741 1339 supra

179 1362 351 1400 modum
385 1361 705 1412 praedicaretur.
742 1361 842 1399 Eius
875 1361 998 1400 etiam
1033 1361 1208 1405 sodales,
1243 1370 1327 1400 tam
1361 1360 1559 1411 praeclari
1592 1359 1739 1410 capitis

179 1433 377 1472 iacturam
411 1447 509 1483 prae
541 1432 689 1471 ceteris
722 1432 844 1483 passi,
881 1442 1103 1483 postquam
1129 1432 1395 1471 moestissimi
1428 1431 1563 1470 eidem
1597 1445 1742 1482 paren-

179 1511 384 1549 taverunt,
420 1504 507 1541 eius
540 1503 723 1554 elogium
747 1503 894 1542 litteris
917 1503 1251 1554 consignandum
1285 1511 1492 1541 curarunt.
1529 1503 1622 1540 Hoc
1645 1515 1743 1540 con-

180 1574 379 1625 scriptum
415 1583 478 1613 est
510 1589 533 1612 a
567 1574 609 1613 P.
645 1574 840 1619 Gleeson,
877 1574 947 1625 qui
987 1575 1081 1613 stilo
1120 1588 1203 1612 non
1236 1574 1344 1612 elato
1377 1582 1416 1612 et
1454 1573 1631 1624 poetico,
1666 1572 1741 1611 sed

179 1645 432 1684 modestiore
464 1654 505 1683 et
538 1644 748 1687 historico.
785 1645 842 1684 uti
875 1659 949 1696 par
987 1654 1086 1691 erat,
1134 1646 1332 1695 Baymam
1366 1659 1490 1695 quam
1523 1643 1738 1695 aptissime

180 1715 444 1754 collaudavit.
490 1715 620 1754 Cuius
663 1716 739 1754 sub
782 1715 936 1755 exitum
979 1724 1123 1755 auctor
1166 1730 1290 1766 quam
1330 1715 1531 1754 maximas
1565 1714 1742 1753 Divinae

181 1786 471 1825 Providentiae
505 1786 660 1837 gratias
693 1787 878 1837 agendas
911 1786 979 1828 ait,
1015 1800 1099 1825 non
1133 1786 1228 1825 ideo
1262 1786 1388 1837 quod,
1424 1786 1563 1836 prouti
1597 1786 1637 1823 in
1661 1799 1743 1823 me-

180 1856 352 1895 moratis
385 1856 722 1907 ephemeridibus
770 1857 863 1895 licet
911 1857 1063 1907 legere,
1100 1858 1255 1907 Bayma
1288 1856 1457 1895 exuvias
1490 1870 1585 1894 suas
1618 1857 1742 1894 Ame-

181 1927 331 1966 ricanis
364 1927 660 1966 custodiendas
695 1926 919 1978 reliquerit,
964 1928 1036 1965 sed
1079 1927 1175 1977 quia
1220 1936 1282 1966 tot
1314 1927 1469 1978 ingenii
1503 1920 1542 1965 et
1575 1926 1740 1977 pietatis

180 2007 463 2044 monumenta,
500 2008 587 2037 turn
621 1998 718 2040 suis,
753 2007 840 2036 tum
874 1998 1016 2036 alienis
1062 2007 1311 2037 testamento
1354 1997 1567 2048 legaverit.
1604 1996 1740 2035 Huius

178 2083 340 2120 nempe,
375 2079 415 2108 et
447 2078 679 2108 ceterorum
713 2068 951 2119 provinciae
980 2068 1228 2107 taurinensis
1262 2068 1467 2106 sodalium
1501 2067 1737 2114 virtutibus,

180 2140 249 2190 qui
282 2154 391 2178 anno
436 2151 741 2178 MDCCCXLVHI
782 2154 803 2177 e
835 2139 993 2178 ditione
1027 2139 1351 2189 Subalpinorum
1385 2138 1559 2189 expulsi,
1594 2138 1633 2176 in
1667 2138 1742 2177 Ca-

180 2210 386 2249 liforniam
431 2210 791 2261 transmigrarunt,
835 2223 1029 2260 magnam
1070 2219 1229 2260 partem
1263 2217 1479 2259 acceptum
1519 2223 1610 2247 esse
1642 2209 1741 2247 refe-

181 2281 367 2323 rendum.
418 2281 533 2332 quod
582 2281 831 2319 Californiae
878 2280 1054 2329 collegia
1101 2280 1207 2318 adeo
1250 2280 1477 2325 floruerint,
1513 2288 1557 2318 ut
1589 2280 1739 2318 horum

181 2351 367 2390 aedificia
399 2352 528 2390 instar
560 2351 704 2402 oppidi
743 2352 947 2402 producta
989 2351 1082 2395 sint,
1117 2365 1347 2401 eorumque
1379 2350 1533 2388 alumni
1567 2359 1654 2389 tota
1686 2351 1740 2389 A·

182 2422 333 2461 merica
366 2422 532 2472 plurimi
566 2422 676 2462 fiant.
713 2422 1004 2472 principesque
1038 2430 1260 2472 ponantur.

270 2493 466 2531 Attamen
514 2493 690 2531 fatemur
738 2493 778 2530 in
814 2494 992 2542 Baymae
1025 2492 1164 2541 elogio
1211 2506 1233 2529 a
1267 2492 1450 2530 Gleeson
1483 2491 1735 2542 conscripto,

183 2563 380 2602 nonnulla
412 2563 635 2602 desiderari
669 2564 720 2601 ab
753 2563 899 2601 eodem
936 2564 1090 2612 Bayma
1123 2562 1162 2600 in
1202 2562 1318 2601 Italia
1360 2562 1531 2613 egregie
1564 2570 1737 2613 patrata,

183 2647 361 2685 quorum
395 2633 552 2675 notitia.
597 2635 650 2672 ob
693 2634 880 2672 locorum
923 2632 1174 2675 distantiam,
1209 2633 1273 2671 vel
1305 2632 1506 2683 temporis
1539 2632 1740 2671 diuturni-

183 2712 322 2749 tatem,
357 2704 410 2742 ad
442 2713 669 2742 extremam
713 2703 980 2742 Calisorniam
1023 2703 1197 2742 sortasse
1240 2717 1451 2754 nunquam
1496 2711 1557 2741 est
1594 2702 1737 2742 didita.

185 2775 295 2813 Huic
328 2789 454 2825 porro
488 2774 756 2813 incommodo
791 2788 865 2812 nos
898 2774 1063 2812 obviam
1099 2774 1156 2812 ire
1189 2773 1437 2817 studuimus,
1474 2782 1619 2824 utpote
1652 2772 1736 2824 qui,

185 2859 266 2884 non
300 2845 426 2883 modo
458 2845 694 2895 complures
740 2846 917 2895 Baymae
959 2845 1276 2883 contubernales
1309 2853 1348 2882 et
1390 2843 1631 2895 discipulos,
1665 2844 1739 2882 sed
