1926 3200
744 939 1132 1007 NOTAE

216 1489 260 1526 (1)
285 1489 383 1526 Quae
406 1488 573 1517 hactenus
606 1487 824 1518 narravimus
856 1487 900 1517 de
936 1489 969 1518 P.
998 1488 1139 1518 Grassio
1174 1488 1252 1518 licet
1276 1489 1417 1527 reperiri
1443 1489 1478 1518 in
1502 1490 1565 1519 hoc
1588 1499 1711 1527 opere:

153 1559 193 1562 —
215 1541 349 1571 [storia
380 1542 473 1570 della
514 1541 591 1570 Vita
624 1542 683 1570 del
721 1542 805 1571 Ven.
831 1542 948 1571 Padre
976 1542 1154 1579 Giuseppe
1175 1543 1227 1571 M.
1260 1543 1459 1579 Pignatelli
1494 1543 1587 1572 della
1620 1544 1714 1573 Com-

148 1594 287 1632 pagnz‘a
309 1594 347 1623 di
371 1594 484 1627 Geszz,
519 1594 689 1623 deser-itta
723 1594 785 1623 dal
817 1595 851 1623 P.
883 1595 1077 1624 G1USEPPE
1105 1595 1240 1624 BOERO
1275 1596 1367 1624 della
1396 1596 1588 1626 medesima
1620 1598 1717 1627 Com-

148 1647 298 1685 pagnia.
325 1647 418 1676 Libri
442 1646 580 1684 cinque.
607 1648 728 1683 Roma,
754 1647 805 1677 coi
829 1647 891 1685 tipi
916 1647 1009 1677 della
1045 1648 1176 1677 Civiltsz
1213 1649 1393 1681 Gzllolicar.
1423 1649 1512 1686 1856.
1540 1650 1611 1687 (pp⁴
1640 1650 1710 1687 285,

153 1701 224 1739 298,
249 1709 320 1738 304,
346 1700 417 1738 561,
443 1699 528 1737 562).

216 1778 260 1814 (2)
280 1777 311 1813 J.
340 1775 694 1813 (Σκ1ἑΤῑτκῖΕΑυ-,ῘΟΙΝ1
713 1777 881 1806 Histoire
896 1778 939 1806 de
955 1779 989 1807 lez
1010 1778 1226 1816 Compagnie
1242 1780 1409 1817 dese'sus.
1431 1781 1541 1810 Tome
1558 1779 1712 1811 sixieme.

153 1829 257 1860 Paris.
283 1829 461 1867 (Chapitre
485 1830 546 1865 VI,
572 1839 631 1868 pp.
657 1830 727 1867 285,
754 1831 838 1868 294).

215 1908 259 1944 (3)
285 1907 425 1942 Boerus,
452 1911 489 1936 ut
512 1915 629 1944 supra.

215 1982 259 2019 (4)
286 1983 510 2012 IOPHREDL'S
528 1983 699 2015 CASALls,
719 1982 792 2020 qui,
810 1992 851 2012 ea
867 1987 1085 2021 tempestate,
1103 1984 1325 2022 eloquentiae
1341 1984 1465 2015 eodem
1484 1985 1518 2015 in
1537 1987 1716 2016 Athenaeo

151 2034 344 2065 tradendae
368 2035 493 2065 frustra
517 2035 720 2071 inhiaverat,
749 2036 918 2066 maximas
949 2037 1012 2066 hac
1034 2036 1078 2066 de
1101 2046 1205 2066 causa
1238 2037 1438 2068 inimicitias
1472 2048 1551 2068 cum
1586 2040 1711 2069 nostris

151 2088 331 2119 sodalibus
353 2089 521 2127 suscepit;
547 2094 652 2127 atque
670 2089 704 2118 in
729 2099 832 2122 opere
856 2089 961 2126 edito,
987 2089 1083 2128 quod
1109 2090 1299 2128 inscripsit:
1321 2109 1362 2113 —
1384 2092 1601 2121 Dizionario
1628 2094 1713 2123 Geo-

147 2143 301 2181 grczfico,
326 2143 458 2172 stoa-ico
480 2143 580 2180 degli
600 2143 694 2173 Stati
715 2144 754 2172 di
785 2144 820 2173 S.
845 2144 895 2172 M.
922 2144 951 2173 il
972 2144 1025 2173 Re
1048 2144 1087 2173 cii
1113 2145 1315 2181 Sardegncz,
1340 2162 1381 2166 —
1405 2145 1550 2183 Collegii
1577 2147 1714 2176 Provin-

151 2195 282 2225 ciarum
307 2195 486 2225 historiam
510 2205 686 2232 enarrans,
713 2196 882 2234 plurimas
913 2196 948 2225 in
971 2201 1125 2226 nostram
1157 2197 1376 2234 Societatem,
1406 2207 1445 2227 ac
1468 2198 1654 2237 praecipue
1679 2199 1711 2228 in

154 2248 346 2285 Grassium,
372 2248 565 2278 calumnias
587 2249 769 2286 congessit.
798 2250 972 2279 Manserat
995 2249 1065 2279 alta
1089 2254 1204 2279 mente
1219 2255 1397 2288 repostum
1422 2250 1592 2281 iudicium
1609 2252 1710 2289 regis.

215 2325 258 2363 (5)
279 2326 309 2361 J.
338 2324 693 2362 CRPET1NEAU-J0Lv,
720 2330 757 2355 ut
781 2335 899 2364 supra.

215 2398 259 2435 (6)
285 2399 324 2428 In
348 2408 463 2436 opere,
496 2398 591 2437 quod
616 2399 832 2429 inscribitur:
858 2417 899 2421 —-
928 2400 1035 2429 Atlas
1062 2400 1335 2438 Geogrczplzz'cus
1361 2402 1545 2431 Societatis
1568 2403 1651 2432 Iesu
1675 2420 1715 2424 -—

151 2451 245 2481 edito
270 2451 408 2481 Parisiis
430 2461 521 2482 anno
546 2460 640 2489 MCM,
665 2452 748 2482 haec
778 2452 812 2482 in
842 2452 969 2490 pagina
998 2453 1147 2490 septima
1176 2453 1359 2491 leguntur:
1399 2468 1410 2480 κ
1430 2454 1608 2485 Provincia
1641 2460 1715 2485 tau-

151 2505 299 2534 rinensis
322 2514 342 2534 a
369 2505 547 2535 Provincia
570 2515 714 2535 romana
737 2505 912 2536 disiuncta
934 2511 985 2535 est
1009 2505 1065 2535 die
1088 2515 1107 2544 4
1133 2506 1224 2536 Iunii
1252 2508 1325 2545 1831
1346 2521 1375 2537 ».
1401 2509 1445 2537 At
1470 2517 1551 2538 vero
1574 2509 1638 2538 hoc
1661 2518 1712 2539 ac-

152 2557 236 2587 cidit
260 2559 309 2587 XI
336 2557 512 2587 Kalendas
537 2559 647 2588 Maias
670 2558 828 2588 eiusdem
853 2559 947 2596 anni,
973 2559 1087 2597 prouti
1118 2564 1252 2589 constat
1273 2569 1314 2589 ex
1338 2559 1476 2590 decreto
1500 2561 1605 2591 huius
1628 2561 1713 2592 divi-

152 2611 271 2647 sionis,
298 2611 385 2641 facto
409 2620 428 2641 a
452 2613 487 2641 P.
514 2613 644 2642 Ioanne
669 2613 862 2648 Roothaan‚
890 2612 1087 2650 Praeposito
1112 2613 1274 2642 Generali
1306 2614 1384 2644 Soc.
1412 2615 1501 2644 Iesu.
1536 2616 1714 2645 Praeterea

151 2662 263 2702 pridie
287 2673 396 2693 nonas
421 2664 538 2694 Iunias
561 2665 642 2694 anni
669 2665 863 2701 memorati,
891 2666 924 2694 P.
951 2666 1078 2695 Caesar
1103 2665 1308 2702 Polidorius,
1336 2666 1370 2696 in
1406 2666 1586 2697 Provincia
1607 2668 1711 2697 tauri-

152 2716 250 2746 nensi
275 2716 564 2754 administranda,
590 2719 625 2748 P.
646 2719 811 2748 Ioannem
834 2718 1027 2748 Antonium
1045 2719 1226 2748 Grassium
1242 2719 1387 2757 excepit,
1412 2719 1473 2757 qui
1498 2720 1633 2758 primus
1649 2722 1712 2751 hoc

152 2778 281 2799 munus
304 2775 502 2808 susceperat
524 2769 636 2808 pridie
663 2770 840 2800 Kalendas
866 2771 976 2801 Maias
999 2771 1080 2801 anni
1105 2771 1275 2802 eiusdem.

215 2822 254 2851 In
277 2821 401 2852 eodem
425 2823 564 2853 Atlante
589 2824 839 2862 Geographico,
865 2825 930 2854 sub
955 2826 1002 2854 NU
1025 2834 1055 2862 5,
1082 2824 1170 2854 inter
1200 2825 1355 2863 Collegia
1385 2826 1583 2864 provinciae
1606 2827 1709 2857 tauri>

153 2874 270 2904 nensis
293 2875 337 2905 ab
360 2884 452 2905 anno
476 2884 719 2913 MDCCCXXXI,
747 2876 791 2906 ad
826 2887 958 2908 annum
994 2886 1249 2908 MDCCCXLVHI
1285 2883 1482 2909 recensetur
1516 2879 1711 2917 Collegium
