1926 3200
186 317 225 354 in
260 316 451 365 Collegi«)
486 314 715 354 Gallarinio
757 327 945 356 evenere,
993 314 1148 362 Bayma
1193 312 1231 349 in
1277 312 1422 350 litteris
1465 312 1612 350 annuis
1657 311 1746 350 eius

185 386 351 437 collegii
384 386 512 424 latino
545 385 713 435 eloquio
746 384 962 435 expressit,
997 384 1103 421 adeo
1136 383 1330 433 eleganti.
1357 382 1592 433 perspicuo,
1628 390 1668 421 et
1697 382 1749 421 ad

187 471 375 495 normam
402 456 632 507 priscorum
653 464 869 494 auctorum
890 454 1085 496 deducto,
1112 462 1154 492 ut
1180 453 1362 491 narratio
1387 454 1513 492 veluti
1539 454 1751 504 exemplar

185 527 326 566 haberi
361 537 485 578 queat
518 526 714 564 historiae
744 539 879 563 rerum
916 524 955 562 in
981 523 1133 562 nostris
1158 523 1383 574 provinciis
1408 533 1634 573 gestarum,
1670 523 1748 561 sin-

186 598 296 648 gulis
329 598 446 636 annis
479 597 819 635 conscribendae.

277 670 400 707 Anno
436 678 707 706 MDCFCXLIV
735 667 787 704 ad
811 666 965 704 exitum
991 675 1201 716 vergente,
1228 665 1465 715 theologiae
1498 665 1682 703 studium
1708 665 1749 703 in

184 740 365 789 collegio
400 738 624 778 taurinensi
658 739 905 776 Sanctorum
942 737 1173 786 Martyrum
1212 745 1273 775 est
1311 750 1552 787 aggressus.
1589 737 1635 774 In
1669 737 1749 775 hoc

186 820 299 850 totus
333 810 540 850 incubuit:
574 818 699 859 atque
739 808 793 846 ita
828 808 866 845 in
916 807 1153 857 omnigenis
1201 807 1465 846 scientiarum
1515 807 1748 846 divinarum

186 881 416 932 disciplinis
449 881 574 929 longe
608 879 821 930 processit.
858 888 900 916 ut
935 878 1022 916 eius
1057 878 1211 927 ingenii
1241 893 1427 921 acumen,
1463 888 1502 917 et
1536 879 1750 917 doctrinae

186 952 503 1003 amplitudinem
527 959 614 989 tum
639 949 926 999 condiscipuli.
953 958 1038 987 tum
1065 958 1356 999 praeceptores
1390 964 1645 1000 magnopere
1668 950 1751 989 sint

184 1022 388 1061 admirati.
425 1023 572 1072 Neque
606 1029 743 1059 tamen
778 1021 828 1058 ab
861 1019 1018 1058 artibus
1042 1020 1240 1063 colendis=
1276 1020 1313 1057 in
1339 1020 1489 1070 quibus
1524 1020 1747 1070 plurimum

183 1107 228 1132 se
259 1094 435 1136 amabat,
486 1091 746 1142 temperavit.
798 1091 897 1142 quin
946 1092 1092 1129 saltem
1128 1091 1250 1129 horas
1284 1091 1422 1129 animo
1456 1091 1749 1129 communibus

182 1163 375 1214 alloquiis
408 1163 632 1201 recreando
665 1176 711 1200 ac
744 1161 968 1200 relaxando
1002 1161 1251 1211 praefinitas.
1276 1175 1417 1199 earum
1452 1161 1748 1200 tentaminibus

184 1234 395 1273 tribueret.
423 1235 567 1284 Itaque
592 1233 670 1271 hoc
693 1242 882 1283 tempore
905 1246 1110 1283 organum
1136 1232 1351 1274 musicum.
1372 1233 1527 1271 tubulis
1549 1233 1749 1272 crassiore

187 1304 329 1342 charta
362 1304 602 1354 compactis.
638 1302 934 1341 elaborandum
969 1302 1163 1352 suscepit,
1198 1318 1221 1340 a
1253 1316 1336 1353 quo
1370 1316 1496 1340 sonos
1531 1317 1675 1341 omnes
1699 1304 1750 1342 ab

188 1376 272 1414 imo
305 1376 357 1414 ad
391 1389 600 1413 summum
634 1388 708 1425 per
741 1374 897 1425 gradus
930 1374 1107 1412 eliceret.

274 1447 401 1497 Quod
425 1447 612 1497 sequitur
636 1445 951 1496 praestantioris
974 1454 1036 1483 est
1059 1445 1236 1496 generis,
1272 1454 1312 1483 et
1345 1445 1567 1483 feliciorem
1593 1446 1748 1484 exitum

187 1517 355 1556 invenit.
391 1517 532 1567 Quum
566 1530 719 1554 annum
753 1530 893 1554 sacrae
917 1515 1154 1566 theologiae
1178 1515 1343 1554 tertium
1373 1524 1618 1558 contereret.
1644 1517 1750 1555 forte

186 1587 292 1626 inter
324 1587 412 1625 eius
445 1587 764 1625 contubernales
799 1586 940 1625 incidit
973 1586 1175 1637 quaestio,
1211 1600 1309 1624 num
1344 1586 1537 1625 videlicet
1569 1588 1750 1626 auctoris

183 1657 388 1696 scribendi
423 1657 540 1703 ratio,
576 1657 647 1708 qui
680 1657 831 1695 librum
855 1658 922 1695 De
951 1658 1184 1696 lmitatz'one
1212 1658 1373 1696 Clzrisli
1401 1658 1672 1701 elucubravit.
1697 1659 1749 1697 ad

183 1742 367 1779 unguem
421 1727 595 1778 exprimi
645 1727 790 1778 possit.
844 1728 889 1766 Id
947 1742 1072 1778 porro
1121 1728 1406 1779 compluribus
1456 1729 1748 1776 inficiantibus,

182 1800 350 1849 Bayma.
387 1807 429 1838 ut
470 1798 621 1837 horum
665 1798 913 1837 sententiam
959 1799 1237 1849 impugnaret,
1272 1800 1451 1850 opellam
1485 1801 1749 1839 conscribere

181 1870 336 1915 statuit,
362 1870 426 1908 cui
451 1878 596 1920 postea
620 1883 771 1908 nomen
795 1869 910 1908 fecit:
946 1871 1012 1908 De
1035 1870 1179 1908 Studio
1202 1871 1438 1921 Relzgiosae
1461 1871 1745 1921 Pesfi‘ctzbrzz's.

183 1941 342 1991 Itaque,
378 1940 530 1991 quibus
564 1940 690 1978 horae
723 1940 905 1978 articulis
941 1940 1110 1978 iuvenes
1140 1940 1271 1979 nostri
1304 1950 1401 1991 post
1430 1941 1660 1987 meridiem,
1697 1956 1747 1981 ne

181 2011 366 2050 studium
393 2019 551 2056 noceat,
574 2010 702 2061 quieti
730 2010 941 2061 paulisper
959 2010 1192 2061 indulgent,
1213 2024 1380 2049 manum
1405 2012 1521 2062 operi
1545 2012 1746 2059 admovit,

182 2090 228 2120 ut
250 2082 408 2120 nullum
442 2081 519 2120 sibi
562 2081 643 2119 labi
686 2081 796 2119 diem
831 2081 1101 2131 permitteret.
1139 2081 1238 2132 quin
1273 2080 1421 2119 lineam
1466 2082 1648 2121 duceret.
1686 2084 1747 2121 Ita

181 2152 333 2191 factum
377 2161 451 2198 est,
496 2160 540 2190 ut
573 2152 650 2190 sub
675 2152 770 2190 anni
795 2151 930 2196 finem,
963 2165 1047 2190 rem
1079 2151 1201 2202 plane
1229 2152 1464 2194 conficeret.
1502 2161 1544 2191 et
1566 2154 1744 2203 opellam

179 2223 391 2262 sodalibus
414 2223 634 2274 legendam
658 2221 837 2261 offerret.
864 2222 947 2273 Qui
976 2236 1133 2268 omnes,
1169 2223 1256 2260 eius
1290 2222 1503 2272 ingenium
1539 2238 1584 2262 ac
1618 2224 1745 2274 pieta-

180 2303 264 2334 tem
298 2294 522 2345 plurimum
546 2293 694 2339 mirati,
729 2294 782 2332 ad
806 2307 931 2331 unum
967 2307 1113 2332 manus
1136 2294 1302 2332 dedere.

271 2364 497 2404 Enimvero
530 2364 601 2415 qui
626 2364 704 2402 hoc
731 2365 910 2414 Baymae
934 2364 1180 2414 opusculum
1211 2364 1341 2402 oculis
1375 2374 1638 2415 usurparunt.
1665 2380 1745 2404 una

179 2449 282 2475 voce
315 2435 433 2474 fateri
467 2449 550 2473 non
584 2435 894 2478 dubitaverunt,
930 2448 973 2473 se
1007 2435 1164 2473 nullum
1198 2435 1323 2473 alium
1358 2435 1541 2473 libellum
1576 2436 1741 2485 legisse,

179 2507 249 2558 qui
283 2507 335 2545 ad
357 2506 554 2548 libellum.
580 2506 644 2545 cui
668 2506 812 2545 titulus
835 2507 882 2545 de
906 2507 1140 2545 lmz'lalz'one
1167 2506 1335 2551 Christi,
1365 2514 1447 2544 tam
1473 2507 1660 2557 proxime
1678 2514 1744 2546 'ac-

179 2578 359 2616 cederet.
396 2577 443 2615 Id
477 2591 604 2628 porro
637 2586 699 2616 est
732 2577 980 2622 mirandum,
1015 2577 1129 2628 quod
1166 2578 1333 2627 Bayma,
1378 2577 1448 2628 qui
1483 2578 1658 2616 necdum
1693 2593 1743 2617 ex

177 2648 512 2687 adolescentibus
559 2648 826 2694 excessisset,
872 2662 1007 2698 neque
1050 2648 1244 2687 sacerdos
1287 2648 1561 2699 inauguratus
1609 2658 1740 2696 esset,

178 2719 387 2770 integrum
421 2718 642 2769 religiosae
676 2718 785 2757 vitae
809 2732 975 2757 cursum
1001 2719 1079 2757 iam
1104 2728 1192 2757 tum
1216 2719 1356 2757 animo
1379 2719 1640 2770 exploratum
1676 2720 1743 2758 ha-

179 2790 317 2835 beret,
351 2799 391 2828 et
425 2789 547 2840 plane
581 2797 723 2828 nosset
755 2798 871 2840 quot,
905 2789 1142 2840 quibusque
1175 2789 1350 2828 miseriis
1383 2789 1564 2829 humana
1597 2799 1743 2829 natura

179 2859 232 2898 sit
264 2860 467 2905 obnoxia,
502 2868 649 2911 utpote
673 2873 779 2910 quae
803 2860 975 2910 proprio
999 2860 1184 2911 pondere
1207 2873 1373 2910 semper
1395 2861 1445 2898 ad
1471 2861 1551 2898 ima
1573 2860 1738 2908 feratur,
