1926 3200
280 368 411 406 Porro
436 367 741 406 haereticorum
766 377 805 406 et
830 368 1100 406 factiosorum
1135 369 1256 407 turba
1291 369 1439 408 Franci
1473 370 1763 421 eloquentiam

189 447 229 476 et
264 440 391 477 robur
424 438 720 477 molestissime
754 439 954 479 serebant.
991 440 1182 489 Quorum
1215 439 1341 478 animi
1386 440 1441 479 ita
1489 449 1586 480 sunt
1627 442 1763 481 conci·

188 509 274 555 tati,
317 519 361 548 ut
404 510 456 548 de
505 509 575 548 illo
623 510 842 560 perdendo
890 509 1110 548 consilium
1160 510 1337 549 inierint.
1389 512 1536 563 Itaque
1583 512 1761 552 oratoris

189 580 347 623 laudes,
383 595 466 631 qua
499 594 615 625 voce,
651 594 733 631 qua
766 580 935 631 script0‚
970 594 1063 619 cum
1098 581 1306 632 privatim,
1347 590 1434 620 tum
1479 583 1657 633 publice,
1692 584 1763 622 ob-

189 659 323 689 terere
357 659 599 702 coeperunt,
635 665 720 702 quo
753 651 977 689 maximam
1011 651 1047 689 ei
1081 652 1193 702 apud
1226 652 1391 703 plebem
1436 652 1634 692 invidiam
1667 667 1765 692 con-

188 723 346 769 flarent,
381 722 555 774 eiusque
599 722 778 774 gratiam
822 722 934 773 apud
974 723 1239 774 Leopoldum
1285 724 1337 770 II,
1373 724 1761 774 Magnum-Ducem

190 794 393 841 Etruriae,
443 793 603 832 facilius
650 794 945 832 convellerent.
996 794 1144 845 Neque
1193 794 1234 833 id
1278 794 1377 833 satis
1421 795 1615 834 habuere.
1652 796 1761 834 Nam

189 866 395 904 Francum
429 865 578 904 eodem
612 865 784 903 crimine
808 865 920 915 apud
948 878 1136 904 summos
1160 865 1431 917 magistratus
1455 865 1762 914 insimularunt,

186 937 302 975 cuius
337 936 504 987 ipsimet
537 936 594 975 rei
628 937 866 975 exstabant:
901 950 976 987 per
1007 950 1103 975 eum
1137 950 1289 988 nempe
1328 937 1537 988 publicam
1577 938 1760 989 quietem

188 1008 400 1046 turbatum
451 1007 512 1051 iri,
563 1016 603 1046 et
651 1007 767 1046 brevi
816 1007 1027 1046 civitatem
1063 1007 1102 1045 in
1146 1008 1271 1046 armis
1321 1008 1514 1048 futuram.
1566 1010 1761 1048 Dandam

188 1078 366 1129 proinde
400 1092 585 1129 operam,
621 1086 665 1117 ut
700 1079 884 1117 Francus
907 1079 959 1117 ab
984 1078 1149 1117 Etruria
1171 1078 1372 1118 continuo
1395 1080 1684 1130 expelleretur,
1711 1094 1764 1119 ne

187 1149 289 1199 quid
324 1149 559 1200 respublica
592 1149 831 1188 detrimenti
865 1158 1044 1200 caperet.
1092 1149 1170 1188 His
1213 1149 1371 1189 artibus
1414 1165 1458 1189 se
1491 1159 1639 1190 conata
1671 1165 1763 1202 per-

184 1220 365 1259 fecturos
399 1221 638 1271 sperabant.
676 1221 848 1271 Iamque
882 1220 985 1260 tanti
1019 1220 1213 1259 facinoris
1236 1221 1436 1260 laetitiam
1470 1222 1610 1261 animo
1644 1236 1762 1273 prae-

184 1291 407 1342 cipiebant,
442 1306 489 1330 ac
523 1292 651 1330 veluti
685 1292 738 1330 de
772 1291 946 1330 victoria
978 1292 1195 1343 explorata
1228 1292 1335 1331 inter
1358 1306 1402 1331 se
1424 1293 1759 1344 gratulabantur.

274 1363 381 1400 Tum
416 1362 607 1401 homines
639 1362 836 1401 exstitere
868 1363 919 1401 de
952 1363 1158 1402 catholico
1198 1363 1367 1402 nomine
1399 1363 1573 1415 egregie
1606 1363 1758 1410 meriti,

184 1442 224 1471 et
249 1433 287 1470 in
313 1442 498 1472 nostram
524 1433 777 1472 Societatem
801 1433 961 1484 optime
984 1433 1166 1480 animati,
1192 1434 1262 1485 qui
1286 1442 1444 1473 tantam
1479 1435 1757 1474 calamitatem

185 1504 527 1543 antevertendam
552 1503 854 1543 existimarunt.
882 1505 959 1543 Per
982 1505 1059 1543 hos
1084 1504 1224 1556 itaque
1246 1505 1400 1544 sactum
1425 1513 1500 1551 est,
1526 1513 1570 1544 ut
1594 1505 1761 1557 Magni—

186 1574 314 1613 Ducis
348 1588 540 1619 noverca,
591 1575 735 1614 eadem
785 1575 935 1614 fiducia
983 1590 1064 1626 qua
1103 1575 1232 1614 filium
1266 1584 1399 1615 mater
1446 1576 1684 1628 alloquitur,
1719 1577 1756 1616 ei

183 1647 309 1684 verba
327 1646 468 1697 legere
494 1660 578 1685 non
601 1646 823 1691 dubitaret,
846 1646 998 1697 quibus
1013 1646 1356 1698 Cre'tineau-Joly‚
1378 1647 1601 1687 historicus
1619 1648 1758 1700 gallus

182 1731 359 1767 magnae
393 1717 666 1764 auctoritatis,
702 1727 742 1757 et
776 1719 884 1757 sama
918 1718 1174 1765 notissimus,
1216 1718 1255 1757 in
1289 1718 1396 1758 libro
1428 1721 1476 1758 de
1507 1721 1624 1758 Bello
1655 1721 1758 1759 Hel-

181 1791 314 1833 vetico,
344 1797 487 1839 aperte
510 1788 567 1827 ait
589 1798 714 1840 atque
738 1789 938 1841 exemplis
962 1789 1158 1836 ostendit,
1190 1804 1369 1841 quorum
1400 1790 1625 1841 impiorum
1660 1805 1757 1830 con-

179 1858 271 1896 silio
304 1872 426 1909 reges
470 1858 721 1898 Societatem
772 1860 865 1898 Iesu
914 1860 1125 1899 exulatum
1168 1860 1282 1899 abire
1326 1860 1555 1908 iussissent,
1601 1862 1753 1900 horum

179 1942 306 1978 opera
339 1928 494 1968 similes
542 1944 700 1980 poenas
749 1930 1014 1981 persolvisse.
1065 1930 1229 1982 Quibus
1277 1931 1442 1979 auditis,
1493 1932 1752 1983 Leopoldus,

177 1999 317 2038 animo
340 2000 575 2043 exterritus,
604 2001 858 2052 veritusque,
891 2016 954 2049 ne,
991 2001 1023 2040 si
1058 2003 1265 2041 Francum
1291 2002 1331 2040 in
1365 2001 1533 2041 exilium
1566 2003 1751 2054 pelleret,

173 2070 352 2109 eandem
386 2071 463 2109 sibi
498 2071 726 2122 perniciem
760 2081 937 2123 pararet,
984 2072 1098 2111 visus
1131 2081 1194 2112 est
1226 2072 1426 2124 polliceri,
1461 2087 1505 2112 se
1538 2087 1752 2124 nunquam

177 2141 513 2188 commissurum,
550 2151 593 2181 ut
627 2156 704 2181 suo
738 2143 827 2194 ipse
861 2143 1018 2182 nomini
1052 2152 1211 2183 tantam
1244 2144 1379 2183 labem
1415 2143 1609 2183 inureret.

267 2213 452 2252 Francus
486 2213 588 2252 haec
621 2214 761 2253 omnia
795 2228 925 2265 quum
960 2214 1207 2261 rescivisset,
1243 2214 1320 2254 sibi
1354 2215 1525 2254 ulterius
1558 2223 1751 2254 cunctan-

177 2282 275 2320 dum
301 2297 383 2321 non
408 2283 674 2331 existimavit,
701 2284 801 2336 quin
826 2284 957 2336 ipsius
982 2285 1278 2336 Magni-Ducis
1301 2286 1483 2324 adeundi
1512 2286 1750 2325 facultatem

177 2353 431 2404 impetraret,
469 2364 513 2394 ut
546 2355 598 2394 de
631 2355 720 2394 eius
754 2356 794 2395 in
834 2370 878 2395 se
911 2358 1126 2396 voluntate
1160 2357 1312 2396 certior
1345 2357 1474 2396 fieret.
1507 2357 1601 2408 Qua
1625 2357 1751 2404 ,facile

175 2424 408 2475 impetrata,
433 2426 485 2464 ad
508 2440 602 2464 eum
622 2436 684 2466 est
705 2427 930 2478 ingressus.
953 2429 1059 2466 Tum
1080 2441 1179 2467 vero
1199 2428 1510 2479 Magnus-Dux,
1531 2442 1659 2479 quum
1679 2428 1750 2467 ho-

174 2497 327 2535 minem
354 2497 655 2537 humanissime
679 2499 930 2549 excepisset:
957 2499 1121 2538 Laetari
1146 2513 1201 2546 se,
1227 2500 1295 2546 ait,
1321 2500 1436 2551 quod
1458 2500 1582 2539 talem
1612 2500 1747 2539 virum

174 2582 314 2606 coram
348 2577 549 2613 cerneret,
585 2569 702 2608 cuius
741 2570 915 2621 egregia
958 2570 1090 2609 virtus
1133 2579 1273 2610 tantae
1316 2570 1476 2610 civibus
1520 2579 1630 2610 esset
1673 2571 1751 2610 uti—

173 2638 278 2676 litati
311 2647 351 2677 et
375 2648 643 2683 ornamento:
679 2640 800 2691 eique
824 2641 900 2679 hac
924 2641 976 2680 de
1000 2655 1122 2680 causa
1145 2641 1301 2692 gratias
1324 2655 1450 2693 agere
1473 2656 1598 2693 quam
1622 2641 1748 2680 maxi—

172 2723 272 2748 mas.
310 2710 419 2749 Dein
454 2711 617 2750 Franco
650 2711 692 2749 in
727 2726 822 2750 eum
871 2726 1108 2751 sermonem
1157 2712 1362 2764 ingresso,
1412 2727 1497 2764 quo
1539 2712 1744 2752 rationem

174 2780 468 2829 Magni-Ducis
501 2782 778 2821 conveniendi
812 2783 1020 2833 explicare
1055 2783 1350 2830 constituerat,
1385 2798 1407 2822 «
1437 2785 1555 2823 Bono
1588 2783 1741 2830 animo,

171 2849 316 2900 inquit,
353 2861 392 2889 te
426 2866 517 2890 esse
552 2852 689 2892 iubeo.
727 2853 936 2904 Equidem
980 2854 1081 2893 haec
1124 2855 1255 2905 probe
1299 2854 1409 2901 novi,
1445 2868 1520 2893 nec
1553 2853 1688 2905 patiar
1719 2868 1743 2892 a

171 2934 383 2971 quoquam
419 2922 491 2960 tibi
527 2923 609 2961 vim
646 2923 797 2963 inferri.
836 2925 1068 2963 Paucorum
1114 2925 1407 2964 insanientium
1446 2924 1538 2963 talis
1572 2924 1742 2975 quidem
