1926 3200
843 203 1076 250 -75-

176 311 337 354 reptam
370 311 411 342 et
444 303 654 354 lapidibus
687 318 782 343 eum
816 305 1104 356 impetentem,
1140 322 1268 358 quum
1302 308 1601 350 humanissime
1633 320 1742 350 esset

176 374 393 420 allocutus,
429 388 504 413 nec
532 383 671 414 tamen
706 376 936 427 quidquam
970 377 1235 428 profecisset;
1270 379 1322 417 ad
1357 379 1567 420 ultimum:
1606 383 1741 421 «Nos

177 445 362 496 quidem,
399 445 544 497 inquit,
571 446 626 484 nil
650 446 727 485 nisi
762 448 937 486 salutem
962 456 1143 487 vestram
1167 449 1207 488 in
1230 450 1339 489 votis
1364 451 1597 499 habuimus,
1622 452 1743 504 eique

176 516 293 554 omni
316 530 397 567 ope
420 525 626 568 perpetuo
650 517 899 557 studuimus.
924 519 1136 566 Attamen,
1170 521 1511 572 quandoquidem
1535 523 1645 562 nulla
1667 524 1744 562 alia

177 586 340 626 ratione
363 601 428 626 res
450 588 503 627 ad
527 588 658 627 otium
692 589 843 628 deduci
877 598 1028 640 potest,
1064 590 1160 629 hinc
1191 605 1213 630 e
1246 592 1426 643 vestigio
1459 593 1664 633 abibimus
1689 609 1741 634 ›>.

268 658 439 697 Interim
474 659 726 698 Torniellius
759 659 800 698 in
833 659 1009 699 insulam
1045 661 1231 700 Melitam
1259 663 1432 713 appulit,
1469 663 1608 715 ibique
1640 673 1682 704 et
1704 665 1744 704 in

176 730 369 781 proxima
402 730 550 777 Gaulo,
586 730 682 769 dein
718 730 907 782 Neapoli,
944 731 1123 779 Caietae,
1159 733 1399 781 Beneventi,
1433 749 1479 774 ac
1512 735 1679 774 demum
1704 736 1744 775 in

179 802 351 840 Samnio
395 810 435 840 et
469 802 603 848 Latio,
639 803 799 849 eadem,
835 817 942 854 quae
974 803 1084 851 alibi,
1121 804 1287 855 pietatis
1319 814 1514 856 portenta
1552 808 1744 858 patravit.

179 874 227 911 In
261 873 419 924 oppido
454 873 706 924 Cynthiano‚
742 874 987 913 concionem
1023 875 1074 914 de
1107 876 1325 915 clementia
1349 877 1555 928 Deiparae
1588 878 1745 925 habuit;

177 958 262 995 qua
294 945 469 995 expleta,
505 945 557 983 ad
591 945 868 996 quadraginta
906 960 1021 984 arma
1052 946 1189 985 letalia
1221 962 1244 986 a
1276 947 1434 987 civibus
1474 949 1510 987 ei
1552 957 1648 988 sunt
1686 963 1745 988 re-

177 1016 272 1062 lata,
308 1029 414 1066 quae
447 1015 673 1054 inimicitiis
696 1017 1009 1068 persequendis,
1035 1031 1108 1056 sua
1131 1018 1307 1069 quisque
1336 1020 1497 1058 occulta
1529 1020 1744 1071 gerebant.

179 1087 343 1125 Romae
376 1086 501 1125 etiam
534 1087 587 1125 ad
621 1087 763 1126 Sancti
786 1087 983 1126 Andreae
1007 1088 1047 1126 in
1071 1097 1212 1128 monte
1246 1089 1450 1140 Quirinali
1484 1090 1681 1137 constitit,
1707 1099 1748 1130 et

178 1158 220 1196 in
254 1157 436 1197 maximo
476 1157 655 1209 collegio
694 1172 868 1198 romano
907 1159 1060 1198 nostris
1097 1160 1309 1199 sodalibus
1347 1161 1548 1212 magister
1580 1162 1746 1213 pietatis

176 1230 313 1275 datus,
348 1229 400 1267 ad
433 1243 600 1268 omnem
634 1243 706 1268 eos
739 1229 999 1281 religionem,
1045 1238 1132 1269 tum
1166 1231 1308 1275 verbo,
1344 1240 1431 1270 tum
1465 1232 1669 1284 exemplo,
1706 1233 1745 1271 in

177 1301 266 1340 dies
299 1300 434 1352 magis
467 1300 687 1352 magisque
720 1301 924 1352 provexit.

269 1373 410 1423 Quum
443 1373 531 1412 eius
564 1372 795 1412 sanctitatis
818 1373 926 1412 fama
948 1373 1061 1412 domi
1091 1373 1276 1425 forisque
1299 1375 1485 1425 quotidie
1508 1384 1744 1426 augeretur,

179 1443 380 1495 Episcopi
414 1444 683 1495 quamplures
706 1458 801 1483 eum
825 1444 1013 1483 certatim
1048 1444 1087 1483 in
1111 1459 1205 1483 suas
1239 1445 1416 1496 quisque
1448 1446 1660 1485 dioeceses
1682 1460 1746 1485 ex-

179 1515 390 1566 petebant.
426 1515 593 1554 Riarius
627 1516 783 1561 Sforza,
818 1515 1175 1567 Arcbiepiscopus
1209 1517 1599 1568 Neapolitanorum,
1627 1518 1748 1557 Pater

177 1585 424 1633 Cardinalis,
460 1585 523 1624 vir
555 1600 722 1637 genere,
748 1587 914 1637 pietate,
940 1586 1140 1633 doctrina,
1166 1596 1206 1626 et
1239 1588 1362 1627 rebus
1396 1589 1525 1639 gestis
1558 1588 1746 1640 apprime

178 1658 328 1704 clarus,
363 1672 457 1696 eum
491 1657 569 1696 sibi
593 1672 616 1696 a
640 1658 766 1696 sacris
799 1658 1131 1697 confessionibus
1164 1659 1333 1710 delegit,
1369 1660 1427 1698 uti
1461 1659 1596 1698 virum
1620 1660 1748 1698 omni-

178 1742 289 1780 gena
321 1728 474 1767 virtute
507 1728 758 1779 praeditum,
794 1729 887 1768 Deo
911 1743 1064 1775 carum,
1090 1738 1131 1768 et
1154 1730 1399 1769 mortalibus
1423 1730 1622 1769 divinitus
1655 1744 1749 1769 con-

179 1800 394 1839 donatum.
422 1800 641 1839 Postremo
666 1800 931 1846 Torniellius,
953 1815 1082 1852 quum
1106 1815 1259 1840 annum
1283 1801 1507 1852 septimum
1527 1810 1567 1841 et
1585 1810 1748 1853 septua-

179 1871 387 1922 gesimum
411 1871 718 1922 complevisset,
745 1871 845 1909 nihil
869 1886 1051 1923 unquam
1075 1872 1126 1911 de
1149 1872 1323 1923 pristina
1347 1872 1499 1912 virtute
1518 1873 1745 1919 remittens,

178 1942 328 1993 plenus
362 1942 547 1992 optimae
591 1942 692 1993 spei,
740 1942 1091 1982 Castri-Gandulfi
1132 1943 1258 1982 vitam
1293 1945 1509 1982 mortalem
1543 1944 1667 1990 exuit,
1702 1952 1745 1982 ut

180 2013 461 2052 immortalem
497 2013 698 2052 indueret.

269 2085 343 2123 Vir
376 2085 451 2123 fuit
493 2098 586 2123 cum
630 2084 812 2135 antiquis
858 2085 1074 2136 Evangelii
1108 2085 1383 2136 praeconibus
1417 2086 1745 2136 comparandus;

180 2164 327 2207 utpote
360 2156 443 2207 qui,
480 2156 519 2194 in
544 2155 670 2195 sacris
693 2156 1028 2207 expeditionibus
1052 2157 1268 2203 obeundis,
1301 2157 1518 2208 utriusque
1542 2156 1745 2208 Segnerii,

182 2227 446 2273 Pinamontii‚
482 2236 522 2266 et
556 2227 822 2273 Baldinuccii,
858 2227 1017 2266 coelitis
1050 2228 1171 2274 beati,
1212 2227 1389 2279 vestigia
1422 2241 1566 2278 presso
1600 2241 1745 2278 gressu

180 2306 360 2344 secutus,
397 2298 546 2337 horum
580 2298 845 2337 omnimodas
878 2298 1052 2337 virtutes
1077 2312 1171 2337 suas
1195 2299 1348 2337 fecerit.
1375 2299 1501 2349 Quod
1524 2298 1652 2337 verbo
1675 2298 1745 2336 do-

181 2369 313 2415 cebat,
334 2383 376 2408 re
395 2370 645 2420 praestabat.
667 2369 858 2408 Orationi
877 2370 1041 2408 deditus
1060 2384 1184 2421 quam
1203 2370 1273 2421 qui
1298 2369 1488 2416 maxime,
1509 2370 1744 2420 complures

182 2439 223 2478 in
256 2454 303 2478 ea
335 2440 459 2478 horas
493 2440 748 2487 extrahebat,
785 2448 909 2491 atque
944 2440 1053 2479 illam
1088 2441 1219 2492 ipsam
1254 2440 1462 2479 interdum
1495 2441 1547 2478 ad
1571 2440 1742 2478 multam

182 2519 348 2549 noctem
397 2512 667 2561 producebat.
720 2512 833 2550 Inter
880 2512 1084 2550 orandum
1134 2511 1331 2549 immotus
1364 2511 1586 2561 perstabat,
1622 2519 1745 2561 atque

182 2589 298 2620 extra
331 2596 374 2620 se
407 2582 495 2633 rapi
530 2582 760 2621 videbatur.
798 2582 1036 2629 Enimvero,
1072 2582 1211 2621 Cherii
1240 2596 1368 2633 quum
1402 2591 1522 2628 esset,
1557 2590 1681 2632 atque
1706 2581 1743 2619 in

182 2653 285 2691 cella
318 2653 496 2691 orationi
520 2653 760 2697 matutinae,
796 2662 840 2692 ut
863 2653 992 2692 nostri
1017 2661 1112 2692 sunt
1134 2667 1283 2696 mores,
1314 2660 1490 2699 vacaret,
1516 2667 1538 2691 a
1562 2652 1743 2703 quodam

184 2724 342 2769 Fratre,
378 2723 434 2761 rei
468 2723 721 2762 domesticae
746 2724 927 2767 addicto,
953 2738 976 2762 a
1005 2724 1096 2763 solo
1129 2724 1326 2769 elevatus,
1362 2723 1552 2761 manibus
1586 2722 1745 2768 iunctis,

183 2793 362 2845 genibus
395 2794 523 2839 flexis,
559 2795 760 2833 alienatus
794 2794 995 2841 sensibus,
1021 2795 1110 2833 luce
1132 2807 1340 2840 coruscus,
1372 2794 1489 2832 vultu
1512 2793 1565 2832 ad
1587 2794 1745 2832 laevam

182 2879 401 2911 converso,
437 2873 561 2915 atque
595 2879 666 2903 ore
700 2865 917 2911 renidenti,
952 2874 1014 2904 est
1037 2865 1161 2903 visus.
1187 2865 1233 2903 In
1257 2878 1299 2902 re
1322 2864 1461 2902 divina
1494 2864 1744 2915 peragenda,
