1926 3200
832 255 1093 301 —236—

171 357 429 395 necessarios
463 357 640 399 deesset,
682 372 786 396 neve
834 358 912 397 sibi
956 359 1112 397 maiora
1146 373 1273 397 onera
1307 359 1582 410 imponerent,
1618 374 1742 411 quam

171 427 375 479 cuiusque
399 428 507 467 vires
531 437 669 467 essent
692 429 877 468 ferendo.
904 430 950 467 In
980 443 1030 467 eo
1064 438 1176 468 totus
1200 429 1288 473 fuit,
1314 439 1358 469 ut
1391 430 1547 469 tirones
1570 431 1742 483 iamtum

173 498 425 538 solidissima
458 499 679 551 religiosae
712 500 983 550 professionis
1017 501 1286 539 fundamenta
1320 500 1512 547 iacerent,
1540 502 1677 540 Deum
1703 503 1742 540 in

172 570 297 608 rebus
330 570 526 609 omnibus
559 579 807 621 spectarent,
854 571 960 610 inter
1002 585 1058 617 se,
1094 572 1266 622 perinde
1300 586 1346 610 ac
1379 572 1565 611 eiusdem
1599 574 1742 612 matris

172 641 257 685 filii,
291 641 527 693 diligerent,
563 652 603 681 et
651 643 987 682 moderatoribus
1035 643 1147 682 dicto
1195 643 1412 683 audientes
1449 644 1585 683 forent
1617 659 1742 695 quam

171 712 364 751 maxime.
401 713 510 751 Tum
544 714 658 752 vocis
702 713 958 765 magisterio,
1004 722 1092 753 tum
1132 714 1418 765 suimetipsius
1450 716 1656 766 exemplo,
1691 716 1743 754 ad

172 784 421 835 omnigenas
459 784 635 824 virtutes
674 799 746 823 eos
790 785 1057 829 informabat:
1104 785 1336 837 iisdemque
1369 786 1549 825 acriores
1583 787 1622 825 in
1656 787 1744 826 dies

172 855 366 894 stimulos
399 855 653 895 admovebat
686 856 738 894 ad
771 855 950 895 effrenos
983 856 1108 895 animi
1143 865 1281 895 motus
1315 857 1582 899 coercendos,
1618 872 1669 896 ne
1692 858 1744 896 sa-

171 926 247 965 cile
282 927 543 971 rebellarent,
579 936 619 966 et
652 936 782 966 statos
816 927 918 966 fines
961 927 1233 969 transilirent:
1277 928 1510 979 aiebatque,
1545 942 1567 966 a
1600 928 1744 979 primis

171 997 395 1049 religiosae
427 998 537 1037 vitae
570 998 881 1049 experimentis,
932 999 1060 1038 veluti
1109 999 1160 1037 ab
1205 999 1478 1041 incunabulis,
1514 999 1622 1038 vires
1655 1003 1745 1039 esse

171 1068 435 1115 hauriendas,
471 1079 511 1109 et
544 1070 716 1121 spiritus
750 1070 977 1109 sumendos
1010 1070 1062 1109 ad
1095 1071 1270 1121 grandia
1308 1084 1385 1121 pro
1425 1071 1503 1109 Dei
1537 1071 1670 1115 laude,
1705 1080 1746 1110 et

169 1140 403 1180 animarum
438 1141 550 1180 bono
585 1141 623 1179 in
659 1150 874 1192 posterum
910 1141 1124 1192 patranda,
1160 1156 1210 1180 ne
1244 1142 1449 1180 maiorum
1485 1150 1742 1184 nostrorum,

168 1225 215 1250 ac
248 1212 493 1263 praesertim
527 1213 669 1251 Sancti
711 1212 875 1263 Ignatii,
912 1212 1133 1251 Societatis
1177 1222 1342 1251 nostrae
1378 1212 1511 1251 Patris
1546 1214 1739 1264 Legiseri,

170 1283 402 1334 degeneres
435 1283 577 1321 simus.
614 1284 760 1333 Itaque
800 1283 879 1321 illis
917 1282 1257 1322 fortunatissimis
1295 1297 1385 1321 esse
1429 1283 1554 1327 licuit,
1590 1284 1742 1334 quibus

168 1362 287 1393 tanto
320 1354 398 1392 frui
432 1354 598 1405 pietatis
632 1354 836 1404 magistro
870 1364 931 1393 est
964 1368 1222 1392 concessum.
1346 1406 1349 1409 ἢ

258 1426 408 1476 Neque
441 1434 581 1464 tamen
616 1427 802 1464 Francus
836 1434 972 1464 cetera
1005 1425 1190 1463 eiusdem
1225 1426 1377 1464 domus
1419 1425 1643 1464 commoda
1676 1440 1742 1464 ne-

172 1496 314 1548 glexit.
350 1497 539 1535 Aedibus
572 1497 932 1548 contignationem
968 1496 1007 1534 in
1041 1496 1178 1535 antico
1218 1496 1526 1547 superaddidit:
1562 1497 1740 1535 frontem

171 1567 355 1613 detersit,
381 1568 695 1618 exornavitque.
722 1569 811 1606 Rus
835 1582 1002 1618 quoque
1026 1568 1187 1618 priscae
1226 1567 1447 1606 Societatis
1483 1568 1589 1610 Iesu,
1629 1567 1741 1618 quod

171 1638 211 1677 in
245 1639 486 1677 suburbano
520 1647 582 1678 est
615 1639 740 1677 situm
775 1648 814 1677 et
848 1638 1039 1677 Aloisilla
1087 1646 1272 1680 vocatur,
1318 1652 1412 1676 aere
1451 1638 1740 1676 redimendum

166 1710 341 1753 curavit,
377 1718 421 1748 ut
455 1709 699 1753 iunioribus,
736 1709 806 1760 qui
840 1709 988 1748 litteris
1011 1709 1111 1747 dant
1148 1723 1332 1759 operam,
1368 1708 1590 1759 pristinum
1623 1708 1740 1748 statis

167 1781 409 1820 rusticando
443 1781 553 1819 feriis
587 1781 781 1819 solatium
816 1781 1046 1831 praeberet.
1072 1780 1140 1818 Ad
1171 1780 1250 1818 hoc
1274 1779 1404 1817 divini
1437 1780 1573 1818 cultus
1607 1780 1741 1830 splen-

167 1853 312 1891 dorem
332 1853 457 1891 auxit.
481 1854 587 1891 Nam
608 1853 804 1891 sacellum
824 1853 976 1890 domus
1000 1851 1263 1893 antonianae,
1289 1860 1384 1889 ante
1403 1851 1603 1889 abolitum
1623 1852 1741 1889 soda-

166 1924 300 1963 litium
334 1924 403 1962 vix
435 1924 569 1963 extrui
619 1933 814 1974 coeptum
864 1923 1062 1965 absolvit,
1112 1931 1152 1961 et
1200 1937 1222 1961 a
1270 1936 1435 1961 summo
1480 1922 1636 1961 fornice
1687 1922 1740 1960 ad

165 1995 297 2035 basim
346 2010 473 2046 opere
521 1995 691 2041 albario,
742 1994 933 2046 pictorio,
989 1994 1269 2044 omnibusque
1324 1993 1513 2044 parergis
1567 1993 1738 2032 mirifice

167 2067 394 2106 decoravit.
422 2068 652 2109 Praeterea,
674 2080 723 2104 eo
743 2075 915 2109 rectore,
937 2065 976 2103 in
997 2066 1154 2116 templo
1179 2065 1433 2115 cognomine
1451 2079 1521 2103 ara
1544 2064 1738 2115 princeps

168 2153 189 2177 e
223 2139 335 2177 fulvo
370 2152 577 2177 marmore
625 2138 853 2177 constituta
897 2146 971 2176 est.
1008 2138 1148 2188 Quum
1183 2151 1282 2175 vero
1317 2137 1459 2188 paucis
1493 2145 1587 2187 post
1620 2137 1739 2175 annis

166 2209 336 2260 quidam
376 2209 580 2260 templum
626 2208 733 2247 idem
767 2223 789 2246 a
832 2216 950 2259 parte
994 2221 1139 2246 aversa
1173 2207 1340 2258 longius
1386 2207 1617 2258 producere
1661 2216 1738 2246 sta-

166 2280 325 2324 tuisset,
362 2281 548 2318 Francus
582 2281 633 2318 ab
667 2280 746 2318 hoc
779 2293 873 2317 eum
914 2278 1089 2317 consilio
1128 2278 1300 2329 depulit,
1347 2292 1396 2317 ne
1439 2292 1546 2329 quae
1578 2277 1737 2329 species

165 2365 305 2390 sacrae
337 2351 430 2389 aedi
463 2366 486 2389 a
520 2351 681 2392 Iuvara.
717 2350 873 2389 artifice
907 2349 1180 2392 nobilissimo,
1206 2349 1335 2387 indita
1368 2349 1525 2395 fuisset,
1560 2348 1738 2399 turpiter

168 2423 485 2461 deformaretur.

259 2495 359 2532 Post
392 2494 494 2532 haec
528 2493 757 2532 Taurinum
792 2502 854 2532 est
887 2506 1115 2543 regressus,
1157 2491 1431 2542 popularibus
1464 2491 1549 2529 suis
1582 2490 1736 2529 laetitia

167 2565 457 2615 gestientibus.
495 2565 610 2603 Licet
642 2565 765 2607 enim,
794 2578 875 2614 qua
908 2571 1156 2614 tempestate
1180 2562 1320 2601 Cherii
1343 2570 1405 2600 est
1437 2570 1732 2607 commoratus,

167 2636 398 2674 Taurinum
433 2636 612 2686 septimo
646 2649 817 2686 quoque
839 2635 906 2673 die
929 2648 972 2673 se
996 2634 1214 2674 conferret,
1240 2642 1284 2672 ut
1309 2633 1638 2684 quampluribus,
1664 2632 1734 2683 qui

165 2706 254 2745 eius
287 2708 338 2745 ab
371 2708 447 2745 hac
480 2707 581 2745 urbe
604 2706 761 2745 abitum
785 2705 1017 2756 aegerrime
1040 2705 1231 2747 tulerant,
1267 2718 1388 2743 aures
1422 2704 1462 2742 in
1496 2717 1614 2742 sacro
1638 2717 1733 2754 poe-

170 2777 365 2816 nitentiae
399 2778 671 2816 Sacramento
705 2777 935 2827 praeberet,
971 2775 1156 2814 eiusdem
1181 2784 1319 2814 tamen
1344 2774 1501 2813 reditus
1525 2788 1547 2812 a
1571 2773 1735 2812 cunctis

164 2847 325 2886 civibus
343 2848 651 2886 taurinensibus
665 2847 983 2897 efflagitabatur.
1007 2847 1135 2885 Paulo
1150 2855 1257 2896 post,
1279 2846 1417 2884 omnia
1436 2845 1602 2895 scripta,
1626 2857 1732 2894 quae

170 2918 367 2960 ediderat,
404 2917 685 2969 recognovits
710 2918 924 2955 meliorem
960 2917 998 2955 in
1033 2917 1221 2955 ordinem
1266 2915 1440 2966 redegit,
1485 2914 1609 2957 auxit,
1644 2927 1733 2964 per-
