1926 3200
814 284 1074 320 —204-

159 388 223 417 est
257 379 381 421 visus,
428 379 466 417 in
510 379 795 430 compluribus
839 388 977 417 tamen
1022 378 1251 429 disciplinis
1295 388 1510 429 praestans
1553 379 1649 425 fuit;
1685 379 1725 417 in

160 450 336 488 mathesi
370 464 469 488 vero
492 449 889 500 praestantissimus
914 450 1062 499 Neque
1092 449 1241 495 minus,
1277 450 1392 500 quod
1425 449 1590 489 silentio
1613 464 1726 501 prae-

160 521 391 559 termittere
424 521 537 559 nefas
570 521 688 563 foret.
724 521 878 571 pietate
911 520 1051 558 valuit.
1088 521 1133 558 In
1168 519 1374 571 religiosis
1406 520 1629 560 virtutibus
1662 536 1726 559 ex-

160 591 346 630 colendis
381 592 420 629 in
454 592 691 642 exemplum
725 592 864 630 eluxit.
907 592 1012 629 Nam
1040 591 1231 641 quamvis
1270 591 1440 641 ingenio
1474 600 1514 630 et
1537 591 1727 630 doctrina

158 662 306 701 ceteris
329 662 517 704 anteiret,
543 677 755 713 nunquam
781 671 918 701 tamen
944 676 988 700 se
1011 661 1169 706 extulit,
1194 670 1234 700 et
1258 662 1591 701 moderatoribus
1614 663 1727 702 dicto

158 733 334 772 audiens
367 733 442 772 fuit
477 742 521 772 ut
555 733 625 784 qui
660 734 850 772 maxime.
876 733 1119 772 Vocationis
1153 747 1250 771 suae
1284 742 1324 771 et
1357 733 1579 772 Societatis
1618 735 1724 780 Iesu,

160 803 201 842 in
225 818 363 855 quam.
389 805 516 843 veluti
542 805 581 842 in
606 814 794 847 matrem.
820 819 984 843 summo
1008 804 1148 843 studio
1172 805 1391 849 serebatur,
1417 804 1728 843 amantissimus

158 874 331 914 exstitit.
367 876 609 927 Religiosae
642 876 884 926 disciplinae
928 875 1110 914 retinens
1154 889 1285 926 usque
1328 876 1380 913 ad
1414 875 1522 914 ritae
1555 876 1724 922 exitum,

158 946 282 985 officii
316 947 508 998 diligens.
543 956 583 986 et
617 947 770 986 laboris
805 947 978 998 patiens,
1004 961 1216 997 nunquam
1247 947 1298 984 ad
1331 947 1566 985 docendum
1601 947 1727 997 impa-

154 1026 268 1057 ratus
285 1018 470 1061 accessit,
490 1028 530 1057 et
549 1019 588 1056 in
607 1019 726 1057 vinea
747 1018 916 1057 Domini
942 1019 1035 1056 Iesu
1059 1018 1203 1056 sollers
1221 1018 1436 1068 operarius
1460 1027 1522 1056 est
1545 1018 1722 1056 habitus.

158 1089 294 1128 Instar
326 1089 456 1140 pueri=
493 1089 757 1140 simplicitate
787 1097 827 1127 et
851 1088 1086 1127 innocentia
1117 1102 1278 1126 morum
1312 1088 1471 1126 enituit.
1510 1089 1727 1127 Praeterea

158 1161 355 1203 urbanus,
411 1161 554 1206 comis,
610 1160 797 1204 affabilis,
852 1160 951 1198 nulli
1006 1174 1188 1210 unquam
1242 1159 1400 1197 aditum
1455 1160 1636 1209 negavit.
1683 1167 1727 1198 ut

157 1246 241 1270 non
275 1232 366 1277 sibi,
401 1233 475 1270 sed
509 1232 598 1271 aliis
633 1241 753 1271 natus
788 1232 1011 1270 videretur.
1058 1232 1214 1282 Itaque,
1257 1245 1362 1282 qnae
1406 1231 1445 1268 in
1488 1231 1627 1269 libello
1676 1232 1726 1269 de

160 1303 300 1341 studio
349 1303 568 1354 religiosae
617 1303 883 1354 11›erfectionis
936 1302 1152 1353 expressit.
1203 1303 1241 1340 in
1290 1302 1516 1352 semetipso
1565 1316 1725 1352 reprae-

156 1375 347 1413 sentavit.
1304 1422 1307 1425 K

242 1447 311 1485 Ad
343 1447 468 1485 animi
512 1447 699 1488 virtutes,
734 1446 923 1497 corporis
956 1446 1076 1484 dotes
1110 1445 1375 1487 accedebant.
1411 1458 1495 1495 qno
1529 1444 1724 1483 videlicet

157 1525 359 1568 utraeque
392 1518 597 1569 gratiores
626 1517 827 1556 venirent.
853 1518 1033 1558 Statura.
1060 1516 1119 1555 uti
1143 1516 1375 1559 docuimus,
1396 1516 1567 1555 excelsa,
1593 1516 1725 1554 forma

155 1588 476 1639 speciosissima,
521 1590 661 1628 colore
704 1589 858 1639 aquilo,
905 1589 1039 1626 fronte
1078 1587 1274 1638 spatiosa.
1310 1587 1441 1625 oculis
1474 1587 1635 1638 vegetis
1667 1590 1750 1625 ar-v

155 1659 448 1711 dentibusque,
475 1660 672 1699 membris
697 1660 803 1699 inter
826 1674 869 1698 se
888 1668 983 1710 apte
1002 1658 1259 1709 compositis,
1285 1659 1524 1701 lacertosus,
1549 1666 1742 1704 erectuss

157 1745 260 1770 voce
293 1740 334 1770 et
367 1731 529 1770 incessu
563 1732 716 1781 gravis.
756 1731 892 1781 magis
937 1730 1137 1768 militibus
1181 1729 1395 1772 ducendis,
1432 1743 1556 1779 quarn
1590 1729 1726 1767 adole-

154 1801 368 1841 scentibus
413 1803 610 1853 regendis
654 1803 812 1841 effictus
855 1802 1085 1840 videbatur.
1131 1802 1239 1839 Tum
1285 1814 1384 1838 vero
1429 1800 1627 1838 maiorem
1661 1799 1724 1838 sui

155 1881 372 1924 stuporem
408 1873 666 1912 intuentibus
700 1873 921 1913 iniiciebat.
947 1886 1075 1923 quum
1101 1872 1227 1921 longa
1252 1871 1397 1909 itinera
1430 1884 1721 1921 aggressurus,

156 1945 356 1983 humilem
390 1944 606 1995 religionis
630 1954 788 1982 vestem
814 1958 907 1982 cum
932 1943 1067 1981 alieno
1090 1952 1130 1981 et
1154 1941 1406 1992 speciosiore
1440 1941 1592 1979 amictu
1616 1955 1724 1979 com-

156 2017 356 2055 mutabat.
392 2017 511 2055 Tunc
544 2016 652 2054 enim
687 2016 738 2054 ab
774 2015 821 2053 iis
854 2015 992 2056 etiam.
1018 2014 1089 2065 qui
1123 2028 1173 2052 eo
1207 2013 1435 2051 admodum
1470 2012 1724 2051 familiariter

156 2087 217 2126 usi
252 2097 380 2130 erant,
416 2101 541 2138 aegre
575 2087 805 2125 admodum
839 2086 1158 2137 agnoscebatur.
1186 2084 1423 2128 Enimvero,
1459 2097 1587 2134 quum
1622 2083 1720 2121 olim

155 2159 404 2198 Brictinorio
437 2173 531 2197 cum
566 2158 722 2196 famulo
757 2157 980 2208 profectus,
1018 2157 1173 2194 Forum
1210 2154 1317 2193 Livii
1362 2155 1489 2192 rheda
1534 2154 1724 2193 invectus

155 2230 405 2273 devenisset,
441 2238 681 2269 nostrorum
714 2229 920 2267 sodalium
955 2228 1178 2278 collegium
1223 2234 1284 2265 est
1318 2226 1544 2276 ingressus,
1580 2234 1623 2264 ut
1655 2239 1721 2263 cu-

154 2301 282 2340 rionis
317 2301 505 2340 militaris
540 2300 719 2351 insignia
754 2300 954 2340 indueret.
990 2298 1142 2349 quibus
1175 2299 1225 2336 ab
1259 2297 1399 2335 Africa
1433 2296 1472 2335 in
1507 2297 1720 2347 Europam

154 2372 333 2411 maxime
366 2372 687 2422 conspiciendus
731 2371 920 2409 redierat.
968 2369 1174 2408 Nimirum
1210 2369 1390 2406 futurum
1435 2368 1642 2418 sperabat,
1678 2375 1722 2406 ut

152 2444 230 2482 sub
264 2443 333 2482 tali
353 2443 491 2493 specie
516 2443 554 2480 in
579 2442 738 2481 ditione
763 2441 1004 2491 Subalpina,
1030 2455 1051 2478 a
1074 2454 1155 2490 qua
1179 2439 1376 2489 expulsus
1400 2438 1545 2481 fuerat,
1570 2446 1610 2476 et
1639 2452 1721 2488 qua

152 2523 240 2554 erat
273 2514 536 2555 transiturus.
572 2529 593 2552 a
628 2514 741 2552 nullo
774 2513 1107 2564 dignosceretur.
1143 2512 1288 2561 Itaque
1312 2524 1439 2560 quum
1474 2509 1589 2547 brevi
1622 2517 1718 2560 post

153 2586 257 2625 hora
290 2586 341 2624 ad
375 2586 554 2624 cundem
589 2585 789 2622 famulum
813 2584 1016 2634 aurigam.
1048 2582 1118 2633 qui
1143 2596 1236 2620 eum
1270 2581 1322 2619 ad
1356 2580 1521 2631 collegii
1556 2580 1720 2618 ianuam

152 2671 203 2695 ex
223 2657 418 2695 condicto
442 2656 785 2707 praestolzilzmtur,
812 2655 961 2693 iterum
986 2653 1179 2692 venisset,
1206 2652 1372 2702 iamque
1391 2651 1430 2689 in
1455 2665 1504 2689 eo
1527 2658 1648 2697 esset,
1674 2658 1719 2689 ut

152 2729 294 2767 denuo
327 2728 497 2766 rhedam
532 2727 845 2767 conscenderet.
881 2725 946 2763 hic
970 2724 1181 2774 extemplo
1215 2723 1249 2761 ei
1285 2722 1516 2773 imperavit,
1542 2731 1587 2761 ut
1609 2730 1720 2761 retro

153 2799 302 2849 pedem
335 2798 473 2837 ferret.
508 2799 562 2836 Se
585 2797 695 2835 enim
735 2798 786 2835 ab
820 2797 921 2834 hero
964 2795 1138 2833 vetitum
1177 2808 1281 2836 esse,
1316 2793 1442 2831 alium
1477 2792 1718 2843 quempiam

152 2869 356 2920 excipere.
391 2870 527 2919 Quem
563 2869 719 2918 Bayma
752 2881 845 2905 cum
880 2874 1148 2917 percontatus
1190 2873 1312 2907 esset,
1347 2864 1399 2902 de
1433 2877 1516 2914 quo
1549 2862 1742 2901 tandem.

155 2940 256 2977 hero
288 2953 523 2977 sermonem
559 2939 742 2981 liaberet,
779 2937 824 2978 is,
860 2951 963 2975 voce
996 2936 1148 2976 audita.
1189 2935 1375 2985 heroque
1407 2934 1565 2983 agnito,
1601 2941 1717 2971 tanto
