1926 3200
881 252 1081 290 —7-

203 365 426 392 cernerem.
464 351 556 389 Hoc
589 349 691 394 viso,
727 346 781 385 nil
815 346 995 397 amplius
1028 353 1230 395 superest,
1271 343 1385 394 quod
1423 342 1599 393 dignum
1634 341 1765 380 oculis

206 436 403 473 usurpem
429 437 480 459 ».
517 421 632 459 Haec
665 418 733 457 ubi
767 417 883 463 dixit,
919 415 1109 455 discessit
1133 416 1209 466 (4).

296 493 422 544 Quod
456 492 554 531 satis
588 505 631 529 se
668 499 802 529 tutum
837 504 859 527 a
893 487 1023 527 Gallis
1062 487 1102 525 in
1142 486 1307 525 Etruria
1346 499 1427 524 non
1471 484 1655 535 putabat,
1692 484 1768 521 La-

204 566 334 604 brone
368 577 491 614 quam
530 561 727 601 citissime
766 560 901 606 solvit,
938 567 982 598 ut
1015 558 1055 596 in
1095 556 1328 597 Sardiniam
1369 555 1586 595 traiiceret.
1623 554 1765 605 Quum

206 636 246 673 in
284 635 413 674 altum
452 633 644 678 venisset,
679 631 864 681 paullum
905 629 1047 674 abfuit,
1088 637 1133 667 ut
1166 627 1288 666 unius
1326 625 1576 665 discriminis
1615 624 1763 669 exitus,

205 705 373 744 alterius
406 712 530 755 caput
562 703 679 741 foret.
722 703 827 739 Nam
868 701 945 739 sub
984 708 1117 743 nocte,
1157 706 1380 748 prospectu
1420 696 1600 736 tenebris
1634 708 1766 746 paene

206 776 416 826 adempto,
452 774 493 812 in
526 773 679 824 piratas
714 771 869 817 incidit,
896 770 965 821 qui
996 784 1045 808 eo
1069 783 1201 820 usque
1230 768 1427 807 audaciae
1460 774 1765 817 processerunt,

208 855 253 886 ut
284 845 477 885 bellicum
520 851 774 883 tormentum
819 842 858 880 in
902 841 990 880 eius
1023 840 1237 891 navigium
1278 838 1549 889 exploderent
1578 839 1655 888 (5).
1698 835 1769 874 Ni-

207 916 431 956 hilominus
464 927 610 964 sospes
644 912 822 953 Calarim
856 911 1030 962 appulit.
1056 910 1267 950 Continuo
1301 907 1589 947 innumerabili
1614 906 1766 946 civium

206 996 331 1039 atque
363 986 590 1024 incolarum
625 983 903 1029 multitudine,
941 982 1131 1033 ingentes
1163 979 1342 1019 laetitiae
1375 979 1544 1030 plausus
1578 977 1766 1016 certatim

206 1057 429 1103 edentium,
467 1055 652 1106 undique
685 1054 874 1105 stipatus,
910 1053 950 1091 in
991 1051 1221 1103 principem
1264 1049 1377 1088 urbis
1420 1063 1577 1087 sacram
1621 1048 1766 1086 aedem

207 1136 268 1167 est
301 1128 528 1179 ingressus,
563 1134 609 1165 ut
641 1125 849 1164 solemnes
899 1125 992 1162 Deo
1042 1122 1217 1173 Optimo
1265 1120 1463 1163 Maximo,
1504 1128 1544 1158 et
1588 1119 1769 1169 Magnae

207 1198 287 1238 Dei
321 1198 445 1237 Matri
479 1197 635 1249 gratias
668 1204 824 1247 ageret,
860 1195 975 1246 quod
999 1202 1107 1233 terra
1129 1192 1316 1243 marique
1350 1191 1389 1230 in
1422 1199 1485 1230 tot
1518 1189 1676 1229 itineris
1711 1189 1770 1227 di-

206 1269 472 1309 scriminibus
505 1268 583 1307 sibi
617 1266 908 1318 prodigialiter
940 1264 1182 1304 adfuissent.

297 1339 520 1391 Religione
553 1347 594 1378 et
626 1337 794 1383 iustitia,
840 1337 992 1388 quibus
1035 1334 1259 1374 virtutibus
1293 1341 1403 1372 stant
1441 1332 1642 1377 civitates,
1678 1331 1771 1370 Sar-

208 1410 363 1450 diniam
397 1419 460 1449 est
492 1409 743 1455 moderatus,
779 1416 824 1447 ut
862 1407 939 1447 toti
978 1406 1136 1445 insulae
1174 1418 1297 1444 aurea
1345 1417 1475 1455 prope
1523 1411 1636 1441 aetas
1684 1401 1771 1439 illu-

207 1482 325 1521 xerit.
381 1481 523 1532 Quum
584 1480 740 1519 interea
799 1479 1014 1518 Gallorum
1068 1490 1169 1528 opes
1223 1476 1263 1514 in
1319 1474 1435 1514 Italia
1489 1474 1568 1512 iam
1633 1479 1773 1511 essent

208 1560 452 1604 prostratae,
488 1560 528 1590 et
562 1564 739 1602 regnum
777 1548 1044 1600 subalpinum
1077 1547 1129 1585 ab
1172 1545 1367 1585 Austriae
1409 1553 1450 1584 et
1487 1543 1666 1583 Russiae
1700 1542 1772 1580 im-

208 1622 481 1674 peratoribus,
507 1621 590 1673 qui,
616 1621 698 1660 icto
720 1621 899 1667 foedere,
925 1619 1079 1658 bellum
1104 1617 1235 1657 Gallis
1259 1617 1493 1662 intulerant,
1530 1615 1570 1653 in
1598 1628 1769 1653 suorum

211 1693 445 1745 principum
480 1693 568 1731 iura
606 1691 843 1731 restitutum
891 1699 1012 1737 esset,
1063 1689 1238 1729 Carolus
1288 1687 1533 1726 Emmanuel
1582 1685 1691 1724 illico
1731 1685 1772 1723 in

211 1764 471 1803 continentes
515 1772 644 1802 terras
687 1776 730 1801 se
773 1761 1013 1808 transmisit,
1049 1769 1095 1799 ut
1127 1760 1356 1799 Taurinum
1390 1765 1680 1797 reverteretur.
1715 1757 1773 1794 At

212 1835 322 1873 enim
356 1833 612 1885 Napoleonis
647 1832 790 1884 Magni
824 1832 970 1871 bellica
1002 1831 1132 1870 virtus
1165 1829 1373 1882 quidquid
1407 1829 1515 1868 Galli
1548 1827 1773 1866 amiserant

212 1905 326 1944 brevi
374 1904 541 1955 recepit.
578 1904 672 1955 Qua
704 1904 756 1942 de
789 1917 913 1942 causa
962 1916 1044 1948 rex,
1080 1916 1204 1953 quam
1239 1900 1357 1952 regni
1391 1900 1539 1939 iterum
1578 1896 1772 1950 potiundi

212 1989 329 2026 spem
362 1983 620 2025 conceperat,
655 1975 706 2013 ab
740 1974 815 2012 hac
848 1974 987 2012 denuo
1020 1980 1082 2011 est
1115 1972 1327 2022 depulsus.

301 2047 461 2085 Tamen
493 2045 678 2084 animum
713 2059 795 2084 non
828 2044 1075 2095 despondit;
1109 2052 1235 2094 atque
1274 2042 1333 2081 uti
1372 2050 1503 2087 antea,
1539 2041 1595 2080 ita
1625 2048 1774 2091 postea

212 2117 266 2156 ad
299 2117 528 2156 Sardorum
562 2117 719 2155 bonum
753 2115 1038 2154 sollertissime
1073 2113 1270 2153 incubuit.
1306 2114 1427 2159 Nam,
1467 2125 1596 2163 quum
1632 2110 1774 2161 Fulgi-

212 2188 326 2226 nium
360 2201 433 2238 per
465 2187 507 2225 id
540 2187 624 2226 fere
657 2195 822 2237 tempus
858 2200 901 2225 se
945 2185 1207 2230 contulisset,
1242 2192 1287 2223 ut
1322 2183 1395 2222 Pio
1433 2183 1535 2228 VII,
1585 2180 1773 2219 Venetiis

215 2257 405 2297 Pontifici
439 2257 619 2296 maximo
643 2258 802 2296 dudum
826 2256 1081 2302 renunciato‚
1106 2264 1232 2307 atque
1260 2254 1313 2293 ad
1337 2254 1493 2293 Urbem
1518 2251 1773 2303 properanti,

214 2329 379 2368 obviam
412 2343 505 2368 curn
540 2328 719 2379 coniuge
751 2328 923 2374 veniret,
960 2328 1012 2366 de
1045 2327 1167 2365 rebus
1201 2325 1390 2377 plurimis
1423 2338 1516 2363 cum
1550 2338 1600 2363 eo
1634 2337 1773 2362 coram

214 2400 328 2451 egit,
378 2400 530 2451 quibus
579 2398 770 2450 religioni
818 2413 864 2437 ac
917 2398 1063 2437 litteris
1115 2398 1228 2448 apud
1271 2397 1428 2436 Sardos
1470 2395 1633 2446 plenius
1680 2407 1775 2432 con-

214 2471 378 2510 suleret.
414 2471 530 2510 Haec
564 2471 670 2509 inter
701 2471 752 2508 ab
799 2484 849 2509 eo
898 2469 1153 2520 efflagitavit,
1201 2477 1246 2507 ut
1294 2467 1481 2507 Societas
1516 2467 1623 2511 Iesu,
1669 2478 1776 2515 quae

216 2541 388 2592 triginta
420 2541 548 2580 ferme
580 2550 675 2580 ante
707 2555 850 2587 annos,
887 2539 1072 2591 nequitia
1104 2548 1339 2590 temporum
1373 2538 1508 2576 deleta
1540 2544 1639 2582 erat,
1676 2549 1777 2586 pon-

217 2612 341 2652 tificia
367 2612 612 2651 auctoritate
635 2611 675 2649 in
700 2611 934 2650 Sardiniam
959 2610 1256 2650 restitueretur.
1283 2610 1548 2660 Quamquam
1572 2606 1777 2658 plurimae

218 2682 480 2722 difficultates
504 2682 826 2728 intercedebant,
852 2690 1003 2727 tamen,
1029 2681 1108 2720 hoc
1142 2680 1250 2718 idem
1283 2679 1494 2718 adnitente
1529 2677 1660 2716 Maria
1684 2677 1778 2716 Clo-

219 2753 331 2799 tilde,
366 2766 472 2804 quae
505 2753 545 2791 in
578 2753 752 2791 eandem
801 2752 1052 2791 Societatem
1102 2750 1407 2790 studiosissime
1454 2750 1673 2794 ferebatur,
1724 2747 1777 2785 es-

219 2823 371 2862 fectum
405 2832 478 2869 est,
513 2831 559 2862 ut
591 2824 726 2869 ambo,
752 2836 834 2861 non
859 2823 986 2873 longa
1010 2821 1254 2873 interposita
1287 2834 1414 2865 mora,
1449 2834 1557 2858 anno
1581 2818 1776 2857 nimirum

222 2904 409 2939 MDCCCI,
444 2893 552 2932 votis
585 2893 670 2932 suis
704 2893 939 2944 potirentur
962 2895 1038 2944 (6).
