1926 3200
875 761 1012 798 XVII.

537 1000 993 1050 FRANCISCVS
1058 1002 1361 1052 PELLlCO

163 1363 482 1470 AUGUSTAE
531 1360 810 1399 Taurinorum
859 1369 976 1399 ortus
1024 1370 1113 1405 est,
1163 1373 1272 1398 anno
1322 1367 1535 1410 reparatae
1583 1357 1727 1396 salutis

300 1443 506 1474 MDCCCII,
542 1431 796 1482 parentibus,
822 1445 985 1470 morum
1009 1431 1228 1469 honestate
1262 1438 1301 1468 et
1331 1429 1485 1480 pietate
1518 1429 1558 1467 in
1590 1429 1726 1467 Deum

163 1503 490 1554 spectatissimis,
526 1503 596 1554 qui
630 1503 804 1542 Saluciis
837 1502 1024 1554 profecti,
1060 1503 1205 1541 urbem
1243 1501 1570 1552 Subalpinorum
1604 1508 1729 1551 caput

163 1574 305 1624 paucis
328 1583 423 1612 ante
445 1574 562 1612 annis
585 1574 662 1612 sibi
681 1574 940 1613 incolendam
959 1574 1215 1624 delegerant.
1236 1574 1424 1611 Fratrem
1448 1571 1603 1615 habuit,
1630 1579 1728 1609 natu

164 1644 377 1689 maiorem,
398 1644 572 1683 Silvium
593 1644 706 1683 illum
725 1645 832 1683 fama
850 1644 1138 1690 clarissimum,
1160 1643 1230 1695 qui
1250 1657 1333 1682 non
1359 1642 1494 1681 minus
1514 1641 1729 1693 religionis

164 1729 288 1766 quam
307 1715 536 1754 litterarum
555 1715 675 1753 laude
694 1715 844 1754 floruit.
871 1716 908 1754 A
921 1715 1055 1766 prima
1072 1723 1219 1759 aetate,
1241 1713 1397 1765 ingenii
1412 1712 1614 1757 docilitas,
1631 1713 1730 1751 inta-

164 1785 308 1824 minati
329 1800 478 1831 mores,
498 1799 615 1824 amor
634 1785 673 1823 in
694 1787 830 1824 Deum
849 1794 890 1825 et
909 1786 948 1824 in
966 1794 1172 1836 parentes,
1188 1785 1370 1823 suavitas
1389 1783 1485 1826 oris,
1506 1784 1730 1834 vultusque

163 1857 370 1896 modestia
394 1857 616 1908 plurimam
641 1857 676 1895 ei
700 1857 812 1907 apud
842 1871 988 1895 omnes
1021 1855 1428 1895 commendationem
1462 1863 1727 1905 pepererunt.

167 1928 337 1967 Litteris
362 1929 629 1972 nostratibus,
654 1928 790 1967 latinis
814 1937 854 1967 et
876 1928 1035 1979 gallicis
1059 1927 1281 1978 praecipue
1301 1926 1491 1965 intendit.
1517 1925 1727 1977 Linguam

158 1999 366 2051 anglicam
380 2000 479 2039 satis
502 2000 647 2044 tenuit,
663 2009 703 2038 et
726 2000 1007 2050 germanicam
1021 1999 1145 2038 etiarn
1169 1998 1322 2049 attigit.
1345 1997 1555 2036 Poeticam
1579 2005 1619 2035 et
1638 2010 1728 2046 gra-

159 2071 325 2122 phicam
339 2071 478 2114 coluit,
494 2086 544 2109 ne
557 2071 707 2110 artium
722 2085 869 2122 expers
883 2079 991 2109 esset
1005 2070 1233 2109 suavitatis.
1252 2069 1478 2108 Enimvero
1502 2068 1726 2119 plurimum

160 2143 211 2181 ab
235 2142 283 2181 iis
318 2142 358 2180 in
393 2142 570 2193 pueritia
603 2151 643 2181 et
675 2142 955 2181 adolescentia
989 2141 1256 2180 iucunditatis
1289 2140 1440 2178 hausit.
1482 2139 1646 2190 Quibus
1686 2138 1726 2176 in

160 2213 330 2259 artibus,
367 2213 483 2252 Silvii
517 2227 614 2252 cura
647 2222 687 2252 et
720 2227 838 2252 amor
871 2213 1052 2251 maximo
1086 2212 1122 2251 ei
1156 2212 1426 2251 incitamento
1459 2225 1505 2249 ac
1539 2209 1728 2249 subsidio

159 2284 286 2323 fuere.
322 2285 368 2323 In
412 2285 530 2336 regio
564 2285 783 2323 Athenaeo
818 2283 1065 2323 Taurinensi
1109 2283 1161 2321 ad
1203 2282 1440 2321 subtiliores
1487 2281 1728 2332 disciplinas

160 2354 345 2393 animum
378 2355 552 2406 appulit,
592 2364 633 2394 et
675 2355 852 2394 Amadei
898 2354 1089 2405 Peyroni‚
1135 2353 1210 2392 viri
1244 2352 1527 2397 eruditissimi,
1563 2352 1730 2390 auditor

167 2426 340 2476 suit(1).

250 2498 317 2541 At.
353 2498 452 2548 quia
484 2498 619 2549 magis
669 2498 775 2541 Deo,
826 2510 951 2547 quam
995 2495 1235 2534 hominibus
1282 2494 1470 2532 famulari
1519 2493 1727 2535 studebat,

160 2568 342 2607 honores
375 2576 415 2607 et
448 2582 632 2612 munera,
668 2581 774 2618 quae
806 2567 883 2605 sibi
917 2566 1023 2605 forte
1056 2565 1241 2617 polliceri
1265 2574 1441 2616 poterat,
1467 2563 1727 2614 contemptui

161 2639 318 2683 habuit,
355 2648 395 2677 et
430 2638 639 2677 Ecclesiae
689 2637 899 2680 inservire,
949 2637 1070 2687 eique
1119 2650 1162 2675 se
1195 2644 1329 2675 totum
1364 2635 1604 2685 mancipare
1638 2648 1732 2672 con-

164 2709 311 2748 stituit.
348 2710 445 2760 Quo
479 2710 581 2748 inito
615 2709 802 2751 consilio,
853 2722 982 2759 quum
1022 2721 1116 2746 eum
1150 2707 1338 2745 nonnulli
1371 2721 1394 2744 a
1426 2705 1631 2745 sententia
1664 2704 1729 2743 de-

162 2789 316 2819 terrere
350 2789 611 2823 conarentur,
639 2780 767 2817 nihilo
792 2779 938 2823 secius,
965 2793 1070 2837 quae
1104 2792 1179 2816 sua
1211 2786 1299 2816 erat
1327 2777 1543 2828 sapientia,
1569 2776 1731 2814 obiecta

165 2851 305 2890 omnia
353 2851 467 2890 brevi
518 2860 732 2889 momento
781 2850 1019 2889 ludificavit.
1072 2850 1218 2900 Itaque
1266 2849 1414 2887 eodem
1455 2848 1493 2886 in
1527 2848 1730 2886 athenaeo
